2083 2540
1874 85 74 57 136

149 89 1759 144 bleidsels weg en eenige vloeken als en milliou Sacramenten neun¬

161 175 1825 136 dneunzig liever sterren in den Himmel, over hadt michdoch in das verfluch=

152 252 1772 124 donnerwettensche fukrwerk gebragt uitgebraakt hebbende nam hy

156 322 1807 138 Koelbloedig en als of hy de mooiste weg voor zich had de teugels

156 392 1799 139 iederop, om, staande op de voetbank, met groote kunst, tusschen

154 459 1801 117 steenen door, en om de menigvuldige gaten toe; voorttezyden.

151 525 1802 144 a dus al sukkelende eenige dorpen gepasseerd te zyn, kwamen wy

154 584 1825 133 „weissebouw en daarna te Radegast, waar wy weder eene verkeerde

148 651 1840 140 weg op reden zonder met mogelykheid te kunnen keren, en het troost

147 722 1767 135 olle bericht van onzen voerman bekwamen dat hy ons ommoge

157 788 1828 125 lyk dien avond en Iena Konden brengen, daar de weg niet te passeren,

152 860 1834 141 zyne paarden dood af en wy nog 2 uren van genoemde stad of waren

152 926 1829 143 verwyderd waren: ons hierdoor in ons geheele planmisse ziende

146 998 1839 128 eenende reeds om 2 uur in Iena te zullen zyn geo besloten wy

138 1070 1738 138 schoon het reeds 8 uur was en er een onweder opkwam, onder

139 1147 1814 139 geleide van eene kundige gids te voet derwaarts te gaan en alle

133 1220 1756 136 onze pakagie agter telaten, welke Wuschman ons beloofde

132 1293 1759 142 de volgende dag by tyds in Iena te zullen leveren. Aanstonds

134 1372 1760 128 vonden wy een geschikt persoon waarmede wy de wandeling

135 1442 1738 124 aannamen, het wierd op laatst zeer donker en niets doch de

135 1515 1769 121 menigvuldige weerlichten deden ons dikwyls het doel onzer

134 1587 1741 128 rers van verre zien daar de Hemel soms als geheel en vuur

135 1654 1787 129 scheen: ook was dit onweder voor ons een spoorslag van Snel te

143 1733 1753 129 lopen zoodat wy reeds voor tien uur de stad Zena berechten

137 1815 1683 129 (zie No ) en over eene tamelyk lange brug (zie N=o) binnentraden.

138 1898 1757 113 Gelakkig dat wij niet langer onderwegen geweest waren daar kort

145 1961 1787 116 na onze aankomst het onweder op eene geduckte wyze losbarette

134 2027 1833 136 vergezeld van hagel en zegen zoo dat onze arme gids, die tegen oaze

141 2096 1839 142 tn nog in de nagt tezugkeerde, gewis een lelyke reis zal gehad hebben.

138 2174 1742 142 volgens afspraak kwam reeds vraegtidig onze voerman de volgende

136 2271 1821 110 dag reeds vroegtydig om onze 4 valleeren, mantels, Jassen, Speniers, Hoedes

143 2332 1842 125 eur te brengen tot onze verwondering echter had hy zyn riting waarmede

0 2178 111 109 qust
