2083 2540
189 75 1812 149 van hier toonde ons de Prof=s de wederzydsche positien der armees op den 16,

191 175 1814 109 7 en 18 October, welke dorpen men met het bloote oogen zeer goed zien kon, wees

186 226 1809 142 ons het hoofdkwartier van Napoleon en van de Geallieerden gedurende

186 286 1803 137 deslag, de plaats waar de drie monarchen de batailje gezien hadden

178 350 1834 138 en van welke zyde Blucker en Bernadotte gekomen en waar zy zich met

187 411 1849 149 Benningsen en de Hoofdarmee vereenigd hadden: eerst nadat wy zulk

187 485 1825 138 een aperen van het slagveld gekregen hadden wandelden Modderman

185 556 1788 132 en ik, met het door Profr Iorgh uitgegevene boekje wegweiser auf die

177 623 1859 141 schlachtfelder um Leipsig in de hand de Petersthor uit (zie N=o) voor dezelve

177 697 1800 137 ziet men eene esplanade waar woedderd gevogten is en welke voet voor

174 763 1810 144 voet is betwist Geworden: door de voorstad gaande volgden wij eerst

172 830 1807 119 eene geruime tijd, de chansse draaiden even voor het dorp Jonnewits

173 896 1842 141 lings door het veld en kwamen zoo aan de hoeve of herberg Stionberg

174 959 1803 141 genaamd waar wy ons met een glas vier verfrischten en nog eenige

178 1034 1783 139 rapportes omtrend het terzein, dat wij gepasseerd waren, inwonnen,

180 1101 1846 116 alles was hier weder bebouwd en men dag geene rectes van de slag meer

177 1161 1793 132 dan hoe geheel anders was dit toen wy onzen weg langs de tabacks=

178 1222 1855 149 muhle en de gesundheitsbrunnen vervolgende in het dorp Probsheide

185 1293 1790 146 aankwamen. Alles vonden wy hier verwoest, de kerk afgebrand, de

186 1355 1819 141 meeste huizen in puinhopen veranderd; nergens zoo woederd gevogten

180 1422 1868 154 als hier waar Napoleon eerst zyn hoofdkwartier had, en 't welk nader

186 1498 1831 143 hand door de verandering der positien juist in eene regthoek kwam

189 1557 1836 150 en dus aan weenszyden aan het vour der Russen en Prnissen is vloot=

183 1628 1848 165 gesteldt geweest. /zie hier de kaart van de boven aangehaalde wegwyzer en het

185 1702 1869 142 werkje zelve). Kort voor dit dorp ziel men een houten kruis van rw hout

189 1768 1855 156 gemaakt en met verdorde eiken kransen verciend: het staat op eene

190 1847 1809 177 hoogte waar eenige honderden lyken begraven zyn: op een blikken

185 1955 992 133 plaatsje leest men deeze woorden

320 2016 1194 133 Da wer nach Deutschlands Ehrentag fragt

321 2094 1303 100 den nenne dies kreutz die Leipsicher schlagt

315 2153 1327 115 Damit, wenn der Erbfeind einst wieder erwacht,

337 2221 1293 106 Das Feldgeschreysen die Leipsicher schlacht.

181 2262 1836 133 Naast dit gedeukteken ziet men staat een bus met een toepasselyk vers tot

181 2344 1866 142 wederopbouwing der kerk, doch deeze zal, indien zy geene andere ondersten„
