2083 2540
0 170 144 126 A 1816

142 66 1828 156 die juist boven ons hoofd zaten en al vroeg in den morgenstond be=

140 170 524 124 gonnen te Kraayen.

145 172 1754 195 hadden wy geene briljante slaapplaatsen gehad wy betaalden ook

136 295 1784 136 sechts 6 penningen per persoon voor het slapen, waarvoor men waarlyk

128 349 1836 136 toc ook niet veel kan Geven: om 3 uuren opstaande vonden wy een kop koffy

133 426 1809 136 gereed zoo goed als men by ons zelden drukt hetgeen ons al het onaange¬

129 466 1868 161 name van den nagtdeed vergeten en vrolyk stapten wy om 4 uur, na afscheid

123 544 1851 143 van onzen vriendelyken waard genomen te hebben, de michle uit, het pad vry

120 603 1793 137 wat morsiger vindende dan de vorige avond daar het de Gansche tyd

119 655 1841 149 geregend had: weldra bereikten en bestegen wy den Kleinen Winterberg

126 728 1846 138 op wienstop wy wat intrusteden in een huisje dat boven op dezelve

123 784 1789 169 op een uithoek gebouwd en zyne oorsprong verschuldigd is aan

126 852 1848 164 eene jagtparty waarop Keurvorst August in 1558 in groot gevaar

119 920 1814 169 geweest is, want al te driftig een hert tot op een smal pad vervol=

122 990 1827 153 gende keerde het dier zich eenschlaps om met gevelde hooren op den

123 1058 1807 167 keurvorst inlopende wiens schot zoo gelukkigtrof dat het dier

118 1116 1870 171 eer het de wond zon toebrengen in de diepte neder termelde juist

120 1197 1784 155 op die plaats is het gezegde huisje of toepeltje gebouwd. Half

123 1260 1860 157 taalden wy den berg wederaf om vervolgens den groten Winter

116 1331 1845 180 berg, 1800 Paryjsche voeten boven de oppervlakte der Zee Gelegen, te be„

114 1409 1846 165 klummen: alles stelden wij ons voor van het heerlyke gezicht dat

123 1486 1833 166 wij van hier over Gansch Bohemen en aan de andere kant tot

124 1558 1835 168 Dreeden en meissen toe zouden genieten en zeer ligt getroostten

123 1655 1832 141 wij ons de moeite om dezelve te bestijgen, dan ach halve wege

126 1738 1821 133 deberg wierden wy reeds door wolken en nevelen omgeven

128 1797 1825 145 en bovenkomende zagen wy niets stelt in deeze te leurstelling

122 1873 1846 150 cent voor eenen zoo groten omweg gemaakt te hebben en dan in

119 1952 1866 137 op eens van alles gefrustreerd te worden: wy holfden meer dan

119 2021 1837 139 een half uur boven op deeze berg wiens kruin geheel uit vasalt

124 2092 1799 154 bestaat doch alles te vergeefsch. Daarna daalden wy weder af

120 2164 1838 155 en hilden het doen regt op de Boheemsche greuzen aan welke

117 2242 1865 141 wy ras overschreedden en wel by de Vrebisct Grund, waar, door eene

121 2326 1872 149 Enkwind, in 1813 meer dan 300 zware boomen ouver geworpen waren
