2083 2540
1944 45 104 67 196

196 50 1857 141 reden door naar Allersma waarwy tot grote verwondering van myne

198 136 1850 117 jongste Zuster, die ons dien avond niet verwagt had, kwart over negen

194 192 1867 121 in stikdonkeren aankwamen: of er dien avond ook wat verpraak & ver¬

189 262 1251 113 babbelt wierd nu dat moogt gy eelf oordelen.

201 386 1818 167 En hiermede meen ik dan aan myne belofte voldaan te hebben, om

206 511 1853 93 u gedurende onze gansche afwezenheid gezegeld myne brieven te doen

197 560 1847 102 toekomen en in dezelve het verslag onzer uis mede te deelen; myne

198 618 1846 109 zaak afgewerkt hebbende zoude ik dus de pen kunnen nederleggen

198 675 1854 120 wilde ik het overige papier niet nog met eenige woorden beklad

192 734 126 118 den.

196 741 1879 162 Dat wy alle ten uitersten voldaan zyn over onze reis, en ons uitminten

192 849 1875 125 geannuseert hebben, zult gy, zonder dat ik het u hier behoef te verzeke

190 907 1851 114 ren, uit alle myne brieven wel opgemaakt hebben: niet weinig hiertoe

190 969 1880 120 vragt de volmaakte gezondheid die wij alle mogten genieten, de harme

189 1036 1866 106 nie die onder ons gezelschap plaats had en het goede weder waarin

183 1094 1822 106 wy ons hebben mogen verblyden. wat het eerste betreft alle hebben wy

186 1141 1881 119 wel eene kleine ongesteldheid, eene verkondheid, of iets diergelyks gevoeld

187 1216 1874 121 terwyl ik en Bealen eens de koorts gehad heb, doch hier is het gelukkig

185 1275 1861 125 by gebleven het geen al zeer te verwonderen is op zulk een tons, met

188 1336 1877 126 zulke fatiguen en zoo weinig nachtrust. Schoon er wel eens een onverto

187 1407 1884 117 gen woord gevallen is meestal uit misverstand ontstaan, is er toch nooit

1071 1474 225 56 voorgevalle.

188 1476 1876 115 eenige oneenigheid van belang tusschen ons ook dit had zee ligt anders hun

186 1537 1880 118 nen zyn daar twee van onze Leydsche reisgenden ons Groningers geheel

186 1597 1865 117 onbekend waren en men dus vooraf met wrst of de humeuren wel geheel

185 1662 1861 114 zouden overeenkomen. —. Wat het weder betreft, wy kunnen zeggen dat

189 1732 1855 116 hetzelve ons over het algemeen gunstig is geweest: gedurende onze

190 1796 1849 130 wandelingen door den Harz en de Taksische Schweits was het

192 1870 1839 124 zelve uitmuntend, weinig of althans geene drukkende waam te

198 1936 1839 123 hetgeen ons juist gelegen kwam: het is waar dekwijls, zeer dikwyls

195 2001 1876 120 hadden wij regen, doch wy hebben met nodig gehad ons om dezelve

198 2067 1860 125 een half uur op de gansche reis optehouden hetgeen wel al is wat

195 2136 1866 118 men wenschen kan; ook kan het gevallene water in geene aanmerking

195 2203 1794 113 komen met de onophoudelijke tegens die volgens alle berigten

197 2272 1806 121 by ons zyn gevallen. Wy hebben het nog al dikwyls getroffen
