2083 2540
1912 35 118 100 106

183 70 1810 139 lengte van de brug altyd met voetgangens bedekt is, men behoeft nu voor

187 163 1839 113 niemand te wyken, en, daar men behalven en gezegde uitgebouwde halve ma„

183 229 1834 105 nen niet mag stelstaan kan men ongestoord zynen weg vervolgen en wordt

184 286 1835 117 door de stroom als van zelven meede gesleept. Aanvanglyk was deeze

179 350 1840 125 brug in de 9=e Eeuw door Burggraaf Dohna gesticht, slechts van hout opge„

182 413 1847 110 slagen doch wierd reeds en 1573 van steen opgebouwd schoon eerst en 1260 vol

185 476 1832 117 roord, zy koste toe, 168, 000 schok grosschen ieder van 5 guldens Hollandsch

182 531 1852 121 In 1343 door eene groote watervloed byna geheel vernield wierd dezelve

175 605 1866 115 van Pirnasche Zandsteen weder opgebouwd zy was toen 800 schreden lang

171 674 1872 107 voorzien van 24 pilaaren en liep lot aan de slotpoort; keuworst morit

174 744 1832 108 lieter vyf wegbreken en overdekken, zoo bleef de brug tot dat August II

173 805 1841 105 haar in de tegenwoordige toestand bragt; in 1727 werd aan hare verbe„

171 865 1846 108 tering begonnen en in 1731 was dezelve voltooid (zie Muller reis van Ber

170 930 1863 106 lin naar Parys 1 deel bl. 130) — In deeze Nieuw Stad, welke men als eene

168 989 1837 122 voorstad van het eigenlijke Dreeden kan beschouwen, vindt men het

171 1051 1818 115 Iapansch Paleis aldus genaamd naar eene kootbare verzameling

168 1121 1866 103 van porceleinen, waaronder veel uit Iapan, die aldaar bewaardt wordt:

168 1187 1815 114 dan in hetzelfde gebouw vindt men ook eene uitmuntende verzame

170 1251 1799 118 ling antieken en boven eene keurige bibliotheek. dit gebouw is in

173 1317 1848 121 1715 door Gen: Veldmaarschalk von Flaming gebouwt en van deeze

173 1383 1852 119 heeft het August de H gekogt: het is zeer regelmatig in een vierkant

171 1453 1841 131 gebouwt in 't midden eene bassecour bevattende. By het bezigtigen de

169 1521 1847 138 ter verzamelingen zoude men al ligtelyk met de gewelven onder het

165 1590 1849 140 gebouw beginnen, alwaar het porcelein gevonden wordt, om daarna de

163 1666 1824 139 antiquen en eindelyk de bibliotheek te zien doch men raadde ons

168 1735 1846 140 eene andere orde te observeren en met de anriquen te beginnen wyl

169 1810 1841 140 daar veele origineelen gevonden worden waarvan onder de porcelee

170 1890 1863 130 nen copieen en biscuit en op de boekery copieen en geps of brons waren;

163 1951 1766 145 deezen raad dan ook opvolgende hadden wy er ook geen berouw van

162 2041 1822 154 om w van de gansche gallery van veeldhouwkunde eene beschryving

173 2145 1802 112 te geven is my volstrekt ommogelyk eensdeels omdat ik geen

172 2215 1828 110 kenner ben en ten tweeden om de groote hoeveelheid der voorwe

176 2276 1838 134 pen: ik zal dus hier en daar slechts een enkeld stuk opnoemen
