2083 2540
170 26 1803 155 aanstonds by het nederdalen begrepen wy dat het veel moeylyker zoude

173 98 1767 139 zn om deeze mynen te bezigtigen wyl de laddens voldtrekt loodregt

167 163 1774 149 sonden en onze geleeder ons berichte, dat wy, om het arbeiden en exploi„

166 219 1821 163 men te zien, 1000 voet diep, dus by de 6oo. voet dieper dan te Clansthal

166 286 1774 162 westen dalen: dit kan ook niet veel minder geweest zyn daar ik

164 359 1784 154 alf in de zeventig ladders heb geteld die alle tamelyk lang waren.

168 430 1766 154 nder gekomen wierden wi door de gulle en Gewone groot der berg=

165 504 1804 135 werkers door het hun 2oo geheel eigene Gluck auf begroet, alle waren

159 565 1802 171 dank aan den arbeid hetgeen wy te Claasthal niet getroffen hadden

162 635 1789 170 wij zagen hier ook het springen van een groot stuk erks: na dat het

159 702 1813 162 gat gekapt, met ouskruid gevalt en op eene kleine opening na weder

153 769 1732 188 was digt gemaakt, wierd de in brandewyn nat gemaakte lont

157 841 1799 181 aangestoken, het geen een groot geschreeuw van den mynwerker aan

158 920 1764 168 alle arveiders kennelyk maakte; even als alle overigen pakken

157 996 1765 176 wy ons spoedig weg en vergenoeg in eene zygang om volkomen

155 1067 1777 163 verlig te zyn: in stille wagtten wy hier het oogenblik af dat het

158 1142 1763 170 stuk springe. zoude en weldra hoordde men de slag met eene

159 1198 1800 181 neerlyke dreuning door de ouderaarsche Gewelden: wy worstel„

157 1286 1771 166 den door eenen wolk van Kruiddamp, die het erzamelijk be=

161 1365 1804 169 naauwd maakte, en zagen de verwoestingen die het kruid had

158 1439 1795 168 aangerecht, van de hier en daar verstrooide stukken nam ik

157 1518 1840 164 eenige brokjes mede ik die ik i naderhand eens hoop te wonen.

162 1596 1785 153 Vier dan met ongelooflyken moeite en na herhaalde reizen gerust te

169 1659 1788 157 hebben gelukte het ons weder boven te komen juist op het oogenblik

166 1729 1760 155 dat dezon in volle pracht onderging hetgeen een schoon gezigt was

160 1797 1780 168 ven wy op eens uit die stikdoukre nacht kwamen. wij bespeurden

161 1879 1772 138 zoen dat wy een der meestgevorderde mynwerkers tot geleeder

163 1948 1790 144 gehad hadden en wel aan eene schede waarin twee messen waren

165 2010 1839 165 die hy op zyde droeg en waarvan hy ons het volgende verhaalde.

166 2094 1771 154 wanneer men eerst als jonge in de myn begint tewerken draagt

164 2172 1829 153 men geen teken van dien aard en verdient 20 krentzer of 8 stuiver

166 2243 1808 152 daags, eenige progressen makende verdient men 16 grosschen of 21e

160 2330 1847 145 stuivers en bekomt men het recht om eene ledige schede te dragen,
