2083 2540
200 67 1811 154 moeten zyn nu toch zal men het een en ander kunnen vergelyken: dan

199 163 1827 108 ook hiermede zal ik deeze brief sluiten om in het overige omtrend Be

199 223 1237 131 lyn volgens belofte in eene volgende te melden.

1224 295 690 205 DesJan den 26 July 1816.

574 488 284 153 Amile

199 579 1849 170 Toen in 1806 de Koning van Prunssen alle zyne landen aan geene zyde

194 693 1843 114 der Elve en dus ook stalle met deszelfs academie verloor, werd het

190 748 1838 128 oprigten van eene universcheit voor zyne hem nog overige staaten nood„

190 804 1845 156 zakelyk, en deeze wierd, zoodra de Franschen het land gemunt hadden

186 876 1820 134 in 1809 met Koninglyke pracht daargestelt. De Koning gaf tot Universe

185 941 1836 143 redts gebouw het pragtige paleis van Prins Hendrik hetwelk alleraan

183 1013 1841 137 genaamst aan de ingang de Linden aan een Groot vierkant plein gele

190 1081 1838 152 gen waarvan het eene zyde uitmaakt wordende verder door de Opera„

187 1152 1820 140 de Roomsche Kerk en de vibliotheek, zynde alle voortreflyke gebouwen,

188 1221 1824 154 ingesloten. voornoemd paleis, wiens gevel prykt met de woorde Uni=

188 1290 1846 137 versetate literarile Fredericus Gulielmus III anno NOcCCIX, bestaat

188 1359 1824 160 uit een hoofdgebouw met 2 vooruitspringende Gevlengels, tusschen

185 1440 1846 150 welke eene plaats door een lang yzeren hek van het genoemde

191 1507 1851 145 plein gescheiden; en is zoo verbazend groot dat in hetzelve niet

190 1582 1793 153 alleen byna alle collegieen gehouden worden, maar dat men er

196 1653 1863 156 alle verschillende tabruchten by een vindt, als het Museum Zoologitum

196 1737 1861 133 het Theatrum Anatomieum, en Minezalogaam terwyl bij ieder deezer

190 1808 1870 147 verzamelingen de Professoren en dat vak, zynde de Heeren Lichte„

188 1884 1817 163 stein, Rudolphi en Weisf, zeer goede en fraaye woningen hebben ja

189 1961 1789 164 alle Amanuenses alle Sedels alles woont hier in dit prachtig

193 2039 1789 144 paleis terwyl de bibliotheek ommedlyk by hetzelve gelegen is: dan

193 2109 1869 144 gy wenscht zeker meer omtrend dit alles te weten en ik zal tragten uwe

194 2187 1847 140 nieuwsgierigheid te voldoen. Collegieen heb ik hier weinig gehoord althans

189 2267 1864 130 zoo veel niet als te Göttingen alwaar het de hoofdzaak was terwijl ik

195 2336 1867 143 het hier te Berlyn, waar buiten dien zoo veel te zien was, een accessorium
