2083 2540
161 86 1872 160 als een heremitage aangelegd is niet onaardig en eene waterparty

153 174 1878 129 waarin een eiland en een kleine pont voldeed my ook wel, men heeft

156 240 1823 121 hier voorts schoone uitzegten op de stad en op de rivier de Ryn

157 301 1886 117 met veel genoegen woonden wij des avonds in de Comoedie eene reprac

148 362 1870 110 sentatie by van de brief uit Cadix door Kotzebue en van het mis

150 434 1874 106 verstand of de twee Grenadiers door de troep van Bingley zeer goed

152 496 1879 117 uitgevoerd, doch daar zy voor de eerste reis speelden was heter niet

155 559 113 69 vol.

160 564 1836 167 Aan hem verlatende reden wy eerst na Vellep, waar wy het ryzing

161 681 1864 106 naar de herberg de roskam lieten vooruitzyden, en bezogten intusschen

154 743 1840 113 Beekhuizen en Biljoen beide aan den H=r van Spaen toebehorende:

152 804 1865 122 deeze zyn zeer schoon en men heeft er treffende uitzigten vooral van

151 868 1873 121 eene hoogte waar men Arnhem, Nimwegen, kleef en de Kleefsche bergen

147 933 1796 126 ziet deeze twee plaatsen zyn, na men ons berigtte, 8oo morgen

141 1012 1834 119 groot. Verder rydende waren wy voornemens ook Rhedevoort te

148 1083 1842 107 bezoeken doch wierden hierin verhindert door eene hevige tegen

147 1138 1853 138 vin zoodat wy maar besloten tot Doesburg te gaan, hier zogten wy

146 1215 1871 115 eenige goede kennissen op onder anderen den Student van Hasselt

147 1285 1834 116 die de vriendlykheid hadde ons op de Societeit te introduieren

151 1356 1804 121 hiervan maakten wij slechts een oogenblik gebruik en ver¬

131 1415 1864 122 trokken toen weder over eene schipbrug de stad uitgaande, na

148 1491 1869 121 Pieren: ook hier even als op andere plaatsen het land nog gedeel„

149 1563 1849 129 telyk onder water en het was aklig te zien hoe men de beesten

145 1630 1840 127 aan een touw langs de wegen en tuinen geleedde on nog een

149 1708 1854 125 beel gras te plukken: het huis te Baak, waar eene groote me¬

148 1781 1854 124 nagezie is, zouden wy graag gezien hebben doch onze voerman

141 1855 1797 129 berigtte ons dat de weg derwaarts onder was zoo dat wij

141 1924 1782 140 maar dadelijk over Spankeren en Brummen naar Zutjitien

128 1997 1845 141 vertrokken alwaar wij in de Keizers kroon vrij wel zijn ge¬

142 2087 459 118 logeerd geweest.

140 2134 1862 159 De St Walburgs Kerk, die wy aldaar bezagen, is een groot gebouw als

133 2229 1862 129 een Kruiskerk gebouwd waar men een goed orgel vindt onlangs door

138 2314 1829 120 den Groninger Timpe Gemaakt: merkwaardig is hier een groote

141 2382 1798 121 traay bewerkte doopvoute die nog ter indompeling heeft gediend

1949 90 80 90 192
