2089 2492
0 45 106 91 13:

0 126 124 104 le Cha-

0 184 122 83 agte.

0 246 119 78 lan

0 306 92 88 ne

0 365 122 85 woor¬

0 429 90 71 in

0 486 113 97 Ene

0 570 81 101 29

0 630 117 105 „ten.

0 703 139 77 ichard

0 772 108 68 hos

0 835 87 109 79.

0 923 47 53 e

0 964 125 77 aan de

0 1043 129 101 naa

0 1171 125 105 reol

0 1264 60 71 i

0 1323 76 107 en

0 1411 74 81 en

0 1565 38 69 1

1911 46 102 93 IX

704 1109 353 154 Brief XII

462 1187 879 152 Uit Nalle van den 29 July 1816.

138 1303 1141 133 Academie van Halle. Deszelfs muscum.

1313 1268 702 167 B bliotheek. — Kruidtuin

201 1392 1035 124 Collegie van den Kauzeler Niemeyer.

1255 1403 699 113 De sludenten zyn hier

129 1450 1883 141 veel beschaafder dan te Gottiigen. — Te voren was dit just omgekeerd

202 1542 1816 114 zonderlinge gewoonte die hier onder de Godsdien Roeffening, heerscht

199 1614 1755 116 Cathedrale Kerk. — Ulrichs Kerk. — Derzelver inwendige enrig=

124 1673 1843 137 ting. — Beschryving van het beroemde stallische weeshuis. — Can„

127 1758 1855 132 Heinsche bybeldrukkery. — Bezoek by den H:r la Foutaine afgelegd

182 1833 1796 126 zyn uitmuntend gelegen landgoed. Ook dit hebben de francitie

113 1898 1856 131 zeerbeschadigt. — Wandeling naar de Bergschenke. — Ruinen van

107 1975 1888 117 Giebichstein — Lodewyk de Springer. — Hier woonde Reichard Schoy

120 2049 1867 124 vervan de Guide des vogageurs en Europe. Prof:r Iaan beduurder

118 2122 1825 119 der Gymnastische oeffeningen te Berlin. — Reilsberg. — Graf van

112 2188 1826 124 den Groten doctor Reil. — Begraafplaets van 1000 Russen en Pamissen.

123 2259 1791 128 Koning van Pruissen niet gearriveerd - - - - - - - - - - Bladz: 95. —

0 2054 100 94 ie

146 46 1862 145 Sendorf. — Niet ver van Kleesto brecht de as derwagen. — slegt nagt ver„

138 156 1861 113 blyf in het stadje Brucke. — - Vertrek van daa. — Bergfhieden. — Hundslucht.

186 219 1805 108 schoone met Alacca bomen beplantte weg. — Hevig onweder. — Roslau.

138 286 1854 110 met een pont over de Elve gevaren. uitmuntende met allerley soort van

136 343 1881 119 vruchtbomen beplaatte weg. — Aankomst te Dessan. — Beschryving van

133 406 1891 132 dit stadje. — Het kerkhof even buiten de stad gelegen. — Wandeling op

131 461 1790 136 Georgium. — Uitmuntend logement te Dessau.— vertrek van daar.

135 540 1808 117 Goede chanssé. Dorze vlakte. Gezigt op de Petersberg Te

146 610 1880 116 Brichstadt uit het Dessansche in het Pruissische overgegaan. — zonder

147 664 1853 135 ling monument aldaar. Aankomst te stalle.— vragen ons by het enry¬

130 751 1861 116 den der poort door een militair gedaan. — Slegte bestraling der Stadt Moey

128 809 1823 133 lykheid om een logement te vinden. — Beschryving van de zoutfa-

134 883 1849 117 briek even buiten stalle gelegen. — Pjannesen Halloren.  Twee oude

136 939 1805 137 Groninges Academie Kennissen aangetroffen. — De oude Kluckerquist

139 1020 679 120 de vorige dag vertrokken

1621 1026 342 124 Bladz 85
