2083 2540
182 74 1794 132 ieder kan 2½ loot zout: voor het overige wordt dit water op dezelfde

179 153 1781 136 wyze uitgedampt en gekristallizeerd als zulks elders geschied

178 220 1805 124 De Eigenaars en arbeiders van deeze fabriek maken als 't ware een

175 282 1852 139 geheel afzonderlyke stam uit de eerste worden Sjannes, de laatste

176 358 1831 142 wiergetal 1200 bedraagt worden Halloren genoemd: wy vonden deeze

179 428 1780 143 lieden om de verschriklyke hitte, die door al dat stoken in het Ge-

171 504 1823 144 van veroorzaakt, uitgenomen een korte linnen brock geheel naakt

175 581 1768 135 hebbende een leenen kapje of mandje op het hoofd, terwyl zommige

178 651 1754 133 het hoofd geschonen hadden behalven een kleine lok of staart

171 719 1832 134 boven op de Kruin van even als men Gewoon is de Chinesen afte

169 802 1814 165 velden. Hoe vreemd ons dat gezicht van alle die lieden was

175 883 1842 162 zull gy ligt begrijpen kunnen. — wy hebben hier uwe oude kennis„

173 966 1825 168 Jen Pheiffer en Radeland, gesproken die voor eenige jaren te Gro¬

174 1059 1819 152 ningen gestudeerd hebben en thans, om hunne studieen te volbren=

171 1136 1845 164 gen, hier zyn, opgezogt en gesproken; zy waren zeer verwonderd ons

173 1224 1824 150 te zien doch kerkenden ons Groningens nog alle: morgen zullen

169 1299 1854 161 zy ons reeds vroegtydig afhalen ten einde ons het een en ander

177 1392 1782 145 te laten zien. Nu vaartwel myn vriend met een paar dagen

180 1479 1390 151 hoop ik u weder te schryven: blyve intusschen

1149 1561 589 156 Uw liefhebbende

193 1708 1779 177 P. S. der alter Blucher, die hier eenige tijd geweest is, is juist

191 1829 1807 137 gisteren vertrokken, het spyt mij zeer, ik had anders willigt

186 1910 1414 149 gelegenheid, gehad dien grijzen krygsteld te zien.
