2083 2540
1947 84 82 75 37

179 87 1843 158 heer en weder om boeken te halen of te rug te brengen. De zalen zyn zeer

185 199 1829 108 goed ingerigt aan weerszyden staan de boeken langs de glazen, terwyl

190 266 1831 104 er in het midden tavels en stoelen voorhanden zyn,de zynde voorst

181 330 1769 100 met schoone bustes voorzien van Göttinger Hoogleeraaren als van

183 389 1840 112 Haller, Heyne, Goede enz voorts nog andere veelden als eene Venus,

186 457 1773 112 een Gladiator, de 12 Romeinsche Keisers en dergelyke stukken meer.

184 524 1843 109 Blykens de ordo lectionum zyn hier thans 33 gewone, 7 buiten gewone,

187 590 1804 104 Hoogleeraren behalven 31 p=r zoo genoemde privaat docenten die den

181 637 1859 127 titel van Professor niet hebben maar voor het overige, wat het houden

180 714 1845 119 van Collegie enz betreft, met deze gelijk staan. hivele heb ik colle¬

184 778 1801 123 geeen gehoord onder anderen van Prof=s Augo zyne literar geschickte

179 837 1858 129 der Rechtswissekenschaft vorzuglich der Burgerlicken hier vonden wy het

166 910 1848 131 zeer vol schoon 2 HoogGel: op de Pandecten meer Auditores heeft waar

159 982 1894 108 meer dan 20o zijn: de Profs: sprak geheel uit het hoofd slechts nu en dan een

161 1050 1891 102 blik op zyne schels werpende, hij heeft een zeer Schoone manier van voordrag

169 1109 1885 92 hij handelde, toen ik hem hoorde, over de familje der Medicis, van welke

170 1166 1873 101 hy van derzelver opkomst tot Catharina de vrouw van Hendrik de H

168 1225 1852 104 in weinige woorden eene korte geschiedenis gaf, sprekende ver=

179 1289 1867 105 der over den tijd wanneer, en waarom niet eerder de verschillen¬

181 1349 1861 116 de deelen van het Corpus Iuris in druk waren verschenen, wat

180 1426 1869 114 de gevoelens van andere et en wat het zine daaromtrent was

178 1489 1873 115 ook hier was even als by verscheiden andere professoren eene afzonder

166 1555 1867 104 lyke en gedistingueerde plaats voor de Heeren Graven onder de Stu„

180 1616 1838 104 denten, deeze behoefden niet als de overigen hun inht mede te

178 1678 1870 108 nemen doch vonden ieder een inktkoker en stoel voor eene breede

178 1740 1821 104 Kavel terwijl de overigen op banken aan zeer smalle lessenaars

174 1804 1874 110 zitten. Ook hoorde ik eene voorlezing van Professor Heeren over de

193 1864 1791 112 geschiedenis van Griekenland, van Profr Bauer over het jus

183 1921 1865 137 natura van Profs Blumenbach over de natuurlyke geschiede

166 1988 1826 147 nis en ook over de Psgyssologie: deeze voor het overge zoo

178 2057 1839 140 geleerde en door zyne schriften zoo beroemde man had eene

182 2119 1847 148 zeer zonderlinge wyze van collegie houden: wy hadden het dood

178 2205 1835 118 benaauwd van lacchen om 's mans vreemde uitdrukkingen,

183 2274 1864 141 die dikwyls in het triviale vielen, wanneer het gansch aude
