2057 2492
69 1 95 118 van

133 9 1786 142 van Prof=s. Weisf. — Theatrum Anatonieum. — Prots Redolptie.— Bi„

77 97 1858 118 bliotheek. — Hortus Medicas buiten de Potsdammer poort. — Hospital de Cha

72 175 1860 119 rite. — Getal der gewone Hoogleeraren. — Student Pheiffers —: Leelyke gedagte

1935 64 118 109 sena

1938 179 62 48 blyft

68 243 1865 113 nis hem door een Hollandsch sludent gegeven. — Kroonprins der Nederlan„

69 303 1848 102 den. - Revue over 24000 man. — Het gansche Htof gezien. — Schoone

73 363 1853 125 repraesentatie in de Italiaansche opera. — ook hier is het Hof tegenwoor

61 427 1845 125 dig. — Lyst der Langers en Langeressen. — Concert van Madme Catalani

73 487 1830 134 Fracres.. Comedie op de Gendaame markt. Repraesentatie van Em

81 558 1818 132 lia Galotti. Uitstapjes buiten Berlin. Tour naar Charlottenburg.

126 630 1788 129 wordt deszondags daak bezogt. — Wandeling in de Slossgarten

138 696 1802 121 Graf van de overledene Koningen Maria Louica. Madn. Reichard

67 769 1862 130 stygt met een ballon op. Yzergidery buiten de Orancen burger Thos

139 828 1766 126 Stoomwagen - — Monument voor den Prins van Hessen Homburg.

1925 876 126 107 briev

72 902 1801 128 Magazyn van yzerware. . — Het gansche Hof is ten huize van de

71 950 1984 142 Koningin van Holland vergadert. — . Dit stotel behoorde voorheen aan de Gron

69 1020 1952 144 Gravin van Lichtenan. — Wandeling buiten de Hallische poort naa de

75 1105 1797 125 het zoogenaamde Tournooy veld. — Hier word onderrigt gegeven in

71 1168 1854 141 alle mooglyke lichaamsoefteningen. — Dier artseny kundige School

68 1249 1811 118 buiten Berlin gelegen. — Anatomisch Theaker. = Tieletten van

71 1323 1820 121 alle mooglyke paarderassen: — stallen voor het zieke en weider

66 1393 1825 128 voor het half genezene vee. — Andere verwagting omtrend den

65 1467 906 133 gids die ons derwaarts bragt.

988 1467 904 133 Aan Cavel by den Restaurateur

76 1541 915 140 een Leydsch student aangetroffen

1422 1555 138 98 .-

1540 1545 325 115 Blad2 74

659 1687 307 175 Brief XI

358 1784 927 188 Uit Halle van den 27 July 1816.

105 1941 1732 166 vertrek uit Berlen. Tot achter Polodam dezelfde weg gevolgd.

92 2040 1805 150 Schoon gezigt doeh ellendig dener te Baumgarter brucke. — Blie
