2083 2540
1894 41 107 75 168

166 51 1803 169 dot eenen Aartsbisschop van Meutz, Hatto genaamd, gebouwd: het verhaal

162 169 1843 113 ladt dat deeze om zyne godloosheid over al door rotten vervolgd worden

162 226 1848 121 de om derzelver woede te ontvlugten deze loren midden in den Ryn heeft

164 281 1849 117 gesticht, doch niettegenstaande dit door de rakten en muizen in dezelve

166 346 1826 129 opgevreten is. schilderachtig vertoont zich op de regteroever het dorpje

165 405 1769 148 demanshansen beroemd wegens zynen rooden bleker, dan hiertoe brengt

165 460 1791 140 werkt niet weinig mede de schoone uine Falkenburg juist over hetzelve

165 534 1812 129 gelegen en Sannek, dat op eene allersteilste zich lynrecht verheffende

161 602 1843 139 dls gelegen is, en den voorby varenden eene schrik intoezeinende verto=

160 672 1812 136 ning oplevert: de heerlijke chanssé op de linker oever loopt intussche.

161 742 1825 144 gestadig langs den Rchyn en deeze is niet dan met ongelooflijke moeite

161 809 1825 141 en onnoemlyke kosten daargestelt geworden daar men gehoete stukken

154 890 1855 133 rols heeft moeten springen laten of weghappen om dezelve eenen door

1093 974 143 51 men

150 952 1837 151 gang te verschaffen; dit alles heeft aan de Franschen en aan het be

152 1029 1842 137 duur van Napoleon te danken. Agter Nieder Heimbach, een geheel in de

153 1100 1845 141 lengte op de luiker oever gebouwd dorp, zieh men de overblijfzelen van

149 1178 1865 141 een oud redderslot en schuius daarover boven het vlek Lorrich een ver

145 1254 1863 142 schriklyk steele berg die men de Duwvelsberg of Duwelstad der noemt;

149 1324 1765 136 weldra nadert men op de Pinke oever het oude en morsige stadje

143 1392 1872 145 Bacharach waar in 1793 de Pruissen over den Rijn zyn getrokken en met

141 1461 1844 142 een sterke draag van de rivier ziet men op eens het Stadje Naut

145 1534 1857 149 dat zich op de regter oever gelegen met het slot de Palts, midden in

148 1612 1854 145 den Rijn gebouwd, zeer schoon voordoet: hier gingen wij aan wal met

149 1688 1861 150 oogmerk om de schoone ruine Gutenfels en de lei groeven, die hier in

146 1760 1819 149 menigte zyn, te bezoeken. Ik beklom met eenige van ons de rots, die zich

146 1836 1858 144 vlak achter het stadje verheft, en daalde in een van deszelfs beigroeven

155 1911 1794 138 daar men kort te voren meede begonnen was. Boven op de berg is

132 1975 1867 149 geene uitgestrekte mine wiens ingang wy echter door eene deurgeslo„

148 2068 1800 133 ten vonden: heerlyk en onbeschriflijk is het gezicht dat men van

148 2133 1844 131 hier op de kronkelende rivier, en op de deels met bosch, deels met

138 2209 1858 134 wynstokken, begroeide bergen, die haar aan weerszyden insluiten, naar

147 2292 1859 145 alle kanten Geniet en met tegenzin scheideden wij van deeze plaats,
