2083 2540
355 5 348 117 Personer

1878 68 69 66 15

139 72 1791 155 niet zwart behangen hetgeen ons evenwel, daar men reeds bezig was on

141 168 1781 111 het weg te nemen, niet verhndende de fraay vergulde predikstoel &

143 233 1778 128 ndere kostbare dingen, die deeze kerk bevat, te zien: zoo trof ons toch

141 291 1777 131 eer een schoon stuk in marmer verbeeldende het laatste oordeel

137 343 1825 132 ot het vervaardigen van hetwelk de bisschop Theodoor 18000 thaler

133 406 1815 144 besteed had; zyne fraaye daar just over, die van bisschop Wilhelm

138 474 1785 138 Antoon en eenige andere, 2 zilveren borstbeelden van bisschoppen, de

138 550 1812 134 landbeelden van Carel de V en van Hendrik de H Stichter en voleindiger

138 607 1847 137 dezer kerk, te voren was hier een groot zilveren schip geweest als gelofte

133 675 1852 146 door een Schipper gegeven alsmede de 12 Apostelen insgelyks van zilver

132 742 1822 157 thans door marmeren vervangen, de vorige waren door den Keurvorst

127 811 1801 150 van Brandenburg in den 30 jarigen oorlog gesmolten & tot geld gemunt

128 885 1838 161 zeggende: dat de Heer zyne Discipëlen geboden had te wandelen & dat hy

129 953 1796 142 hun nu beenen zoude maken. By deeze kerk is het opmerkenswaardig

128 1032 1851 133 dat men onder het koor van de tegenwoordige nog de oude kerk vindt

132 1098 1799 144 welke in vorige tiden tot den eene dienst gebruikt is, men stygt met

137 1169 1814 132 eenige trappen in dezelve af en vindt aldaar nog het altaar en ande

136 1234 1780 140 e zaken, geheel in den ouden smaak. — Ook de Jesuiten keuk moet

132 1299 1823 138 een zeer fraay en bezienswaardig gebouw zyn doch door gebrek aan

135 1363 1838 146 tijd zullen wij dezelve niet kunnen zien want verbeeldt in het is thans

140 1434 1770 139 2 uur wij dienen hier nog wat te eeten en dan zullen wy onze

147 1493 1812 154 oo langsaam kruiende postwagen vaarwel zeggen en Extraport

149 1567 1814 134 emen hopende op deeze wyze nog heden avond in Cassel te zyn

150 1641 1740 132 hetgeen men ons hier verzekerd dat geschieden kan, dan Vriend

151 1708 1770 151 hof ik geloof niet dat wy heden Cassel zullen zien het zyn 18 goede

152 1776 1804 140 en die wij dan nog zullen moeten afleggen & men wordt gewoon¬

155 1845 1735 153 lyk op de stations te lang opgehouden, en fin de tyd zal leeven

151 1911 1729 149 zat hiervan wordt: Gedenk intusschen by tyd &wijlen eens aan

141 2014 645 126 uwen opregten vriend
