2083 2540
175 29 1815 180 nagt: van uit het Park, dat wy in alle mogelyke rigtingen door kruisten,

180 167 1831 103 heeft men op zommige panten een goed gezicht op de het beroemde Gotha

177 226 1817 115 sche Observatorium gewoonlijk de Sternwarte auf den Seeberg ge¬

173 288 1815 123 naamd het ligt op eene geruime afstand van de stad: deeze is iwendig

170 349 1824 122 goed bebouwd heeft mime straten en in 't algemeen veel overeenkomst

173 412 1834 145 met Weimar: er zyn 11 a 12000 inwoners, dus 3000 meer dan in laastge¬

171 497 398 112 voende plaatst.

174 505 1753 164 intusschen was de tyd, die wy tot het opnemen van Gotha bepaald hadden,

174 625 1836 110 ngevoelig verstreken en het ryzing dat ons over Snepfenthal naar Eise„

174 688 1828 106 zach zoude brengen voor gekomen: Schoon dit eene groote omtour was

176 748 1849 118 vilder wy dezeis graag zoo nemen ten einde het beroemde opvoeding

173 805 1830 110 nstituit van den overledenen Talsman te zien. om 12 uur dan uit

174 877 1831 102 Gotha vertrekkende zonder ons de tyd te vergunnen om eerst iets te

165 931 1793 131 den kwamen na een klein dorpje door gereden te zyn om 2 uur te

172 1001 1793 138 kepfenthal aan: aanstonds begaven wij ons naar het op een hoog

172 1081 1804 119 terras uitmuntend gelegene instituit en wierden er allermin

170 1148 1861 138 zaamst door den Iongen Salsman, die thans Directeur van hetzelve

174 1220 1823 135 is, ontvangen: op ons verzoek liet zin Ed ons alles zien, maakte

168 1295 1767 135 vas bekend met het onderwys en al wat tot hetzelve betrekking

161 1365 1817 134 heeft en toonde ons de kleine verzameling van naturalin die

162 1440 1829 149 hier ten dienste der Zoilinge is. Hier zyn thans 33 kweekelingen

160 1519 1793 145 die van 21 meesters in alle mogelyke vakken ouderwys bekomen

160 1592 1794 137 van deeze maakt de familie Talsman een groot deel uit daar de

159 1675 1734 133 dde zoon het hoofd van alles is en drie ziner zusters met

157 1748 1841 137 drie broeders getrouwd zyn die hier ook alle onderwys geven.

160 1824 1834 138 In de Kamer, die de oude Heer te voren bewoonde, en uit wier ra¬

162 1893 1827 142 nen men op het Thurnger wald een schoon Gezigt heeft, zagen wij

150 1974 1854 143 ene groote collectie pourtracten van benoemde mannen, geleerden

154 2053 1782 137 nz. terwijl zyn eigen pourtract in een ander vertrek hangt

155 2127 1837 129 waar men ook de afbeeldsels vindt van de meeste kwekelingen

155 2208 1794 128 de hier geweest waren en alle in 't rood gekleed zijn: voor het

160 2285 1814 141 huis ziet men de plaats waar ieder kwekeling by zyne komet

1915 85 108 66 147.
