2083 2540
223 80 1765 160 dezelve af en wy kwamen op een slegte weg dien hy ons verzeker=

208 180 1789 141 veelkouter te zyn schoon hy geloof ik de thanssé gelden die wy voor

205 238 1738 155 rekening bedongen hadden, wilde uitsparen. Bi Hadmersleben

197 305 1746 143 gen wy zedert ons de eerste windmolens zedert ons vertrek uit

196 362 1827 141 vaderland wordende alles hier door het water gedreven; lange

195 432 1748 135 andsleven zydende kwamen wy tegen den middag aan de herberg

186 496 1797 150 eidlits alwaar wy niets dan een pannekoek bekomen houden en hier¬

191 552 1790 154 de hadden zy zulk een ruime hand van oly gehad dat het

190 620 1820 138 na niet te den was. men was hier overal bezig zyn nooy te win„

197 685 1797 160 en hetgeen maar zoo uit het zwat weg op wagens wierd geladen

183 756 1714 149 verzag ik ook op veele plaatsen een zoort van klaver die tot

181 803 1810 177 eene vervazende hoogte groeit, voor het vee gemaaid en terstond

180 884 1730 155 opgevoerd wordt terwyl men een dusdanig land dadelyk

183 953 1761 169 omploegt. Zoo waren wij, na Gross en Klein- Ottersleven op eenige

187 1033 1769 146 stand te hebben laten Eiggen de vesting Maagdenburg genaderd

188 1107 1787 143 welke wy om 4 uur binnenreden. Een eind voor de poorten kou men

189 1187 1744 141 aan het doffe geluid duidelyk horen dat men over mynen reed

194 1232 1843 158 het geen gewis niet weinig tot de sterkte van de vesting toebrengt:

193 1316 1795 153 de Koning van Panissen Schynt dezelve ook goed te onderhouden

187 1390 1812 145 wanter zyn eenige honderd man aan 't werk waaronder zeker

186 1464 1771 147 veele tot dwangarbeid veroordeeld daar er steeds militairen

188 1521 1808 160 met geladene geweeren langsloopen en ik zoo even een groot

187 1606 1807 142 aantal twee aan twee geketend door de stad zag brengen.

193 1682 1812 133 De stad bevalt ons uitnemend en ik had dezelve op verre na zoo

192 1750 1762 152 schoon met verwagt: de Elve stroomt met Geweld onder hare

193 1812 1759 157 uuren langs waardoor hier veel drukte en levendigheid

194 1898 1790 167 is, vde staaten en pleinen zyn ook ruim en breed; onder de eerste

184 1968 1820 142 munt de Breite weg uit waar niets dan schoone gebouwen & groo¬

192 2039 1839 150 te winkels gevonden worden. Op een plein zagen wy het Groot meta¬

191 2117 1789 169 Een staadbeeld van Keizer Otto onder een soort van verhemelte

194 2183 1831 168 repaard zittende, deeze keizer heeft geloof ik in 1683 de stad inge

190 2267 1815 158 nomen: Een ander schoon vier kant plein wordt gammerlyk ont¬

193 2340 1757 170 rierd door de rines van het afgebrande zuighuis, het welk
