2098 2540
183 45 133 106 XIV

215 75 380 138 Bebliotheek

597 77 1398 145 Beroemd Munt cabinet: Hofraad Jacobson. Waar

167 187 1829 98 de verde andere verzamelingen net gezien. — Gezigt op het Gothad

166 247 1832 103 Observalorium. vertrek van Gotha. Snepfenthal. — - Beschryvin

164 307 1905 117 van dit inditeut. de jonge Saleman. — ware familie regering. Bes

172 372 1876 106 Graf van den Ouden Talsman. Aankomst te riceuriC: — Ook de rept

159 435 1931 114 behoort aan den Groot Hertog van Saxen Weimas — Aankomst van Lens

161 500 1358 119 Kroonprins en Kroonprinces der Nederlanden.

1536 505 428 118 Bladz 341

1965 522 131 71 Come

1972 572 120 64 an

714 598 382 156 Brief XIX

1962 620 134 104 che

1964 682 132 82 and

420 668 1064 174 Uit Transfort van den 16 Augustus 1816.

1957 746 139 97 Bocke

1961 815 135 63 ano

154 785 1942 187 Kastelein van Eisenach. Vertrek van daar. Slot Wartburg. Marktndr

158 917 1938 106 Lug. —. Kerka. —. Kieselbach. — Vacha. Te Boeklar verwagt men iede Kr

158 981 1938 104 oogenblik de kroonprins der Nederlanden. — Aankomste te Hunefeld. — Aticht

162 1041 1934 108 komst te Sulda. — Park — Residentie slot-dom en St Michiel Kerk — 8Nau

167 1102 1929 110 trek van Fulda. Aankomst te Neuhof. — Oeconomische trek van orank

168 1163 1928 106 Den voerman. — Fledow. — Taalmunster. — Schluchteren. — Withei ƒ 200

173 1227 1899 109 een beyersch doapje. — voortreflyk gezigt op eene berg kort voor Geenhaving

166 1291 1876 107 sen. — Hier ontmochten ons veele Fransche refugies. — Schoone bouwlande

189 1354 1804 107 —zeer Landigeweg tot staaan. — Aankomst aldaar — Logement de

169 1418 1927 110 Rens. voormalige Koning van Zweden. Fred: Potter. Schoone trek

176 1484 1920 113 verzameling van Vogels en zoogdeeren van den overleden Leisne de Ri

181 1549 1809 98 Dito van D=r Gartnes. — Museum. — de Hr Kuhl. — Niederlage van M

166 1611 1823 113 neralen. — Wandeling naar Philipszuke. — Hier moet de Keurprins van

163 1667 1830 120 Heesen woonen. — Hollandsche Gemeente te Haaan. — Hollandsche Her

188 1737 1809 117 — Graf van Henrica Jacumira. — Berigten nopens de batailje van Nana

199 1789 1897 125 —slagveld aldaar. — Groote verwoedingen by de Fransforter poort. vert„

164 1872 1796 106 vertrek uit Hanan. — Wilhelmsbad. — Beschriving van hetzelve.

2007 1880 89 72 de

163 1935 1928 118 te Wernichei passeert ons de Kroonprins met zin gevolg. — Afgeslage van

169 2004 1927 106 verzoek van eene dame. — Aankomst te Transfort. — In de weisse - Io

160 2068 1936 122 Schwan is alles vol. — met moeite plaats in weidenbusch gevonvink

161 2141 244 119 den.

1492 2129 604 131 Bladz149: oed

1961 2197 135 74 eand
