2083 2540
177 58 1770 168 slingeslaanen heeft aangelegd: op eene groote steen de Kamp van Herenles

185 186 1813 99 de Leeuw ziende verhaalde de geds met veel deftigheid dat voor verschei„

183 248 1775 103 jaren op die plaats een zitter sterculis genaamt eenen leeuw verslagen

178 305 1740 104 waarom men die steen tot eene gedagtenis had geplaatst. Een weinig

174 366 1741 103 ader is eene uithoek van waar in 1784 een man Hartman genaamd

168 429 1779 103 eene diepte van 38 Ellen op de harde rots is neergevallen, wel arme„

168 486 1776 116 beenen gebroken heeft, doch volmaakt herdtelt is, hy leeft nog en het ge=

168 551 1823 116 wilde dat wy hem des avonds in de herberg spraken waar hy met eenige

164 610 1818 124 deren Kaartspeclde; hy woont anders twee uur van Lohmen: op de plaats

159 682 1817 123 war het Gebeurd is, is het gansche geval op een groot vierkant in de rots

160 747 1811 122 uitgehouwen. Over het algemeen is men in Taxen groot liefhebber van Naart„

149 807 1757 137 velen midden op den dag ziet men menigmaal een gansche menigte

150 874 1811 140 voeren alle bi troepjes in de herberg of in het land gezeten &e Spelen

159 956 1358 134 met Kaarten spelen die zoo dik als planken zyn.

149 1022 1755 155 Ingezelschap van de Heren Murrenberg en Loot, Thuringers van

146 1134 1767 116 geboorte en te Leipsich in de rechten studerende, die wij benevens

148 1186 1824 139 een gids en onze groote Korfwagen nog bergen Konden, verliezen wij

149 1257 1802 133 de volgende dag om 4 uur des morgens Lohmen doch reden slechts

151 1338 1809 130 en uur namelijk tot de Ottowalder Grund, van waar wij op aanza¬

140 1399 1817 131 den van den gids, den voerman met de ledige wagen om de bergen heer

145 1462 1862 149 naar Rathewalde zonder zelve intusschen door en over de lotsen derwaarts

149 1546 1839 135 wandelende: en ok hoe veel genoten wij niet op deeze tour van 3 uren.

147 1618 1836 150 hoe niet mogelijkheid en niets mede te deelen van het schriklyk ver

148 1690 1813 147 hevene dat wij op deeze wandeling zagen ? Na eenigen tyd de rotzen be„

147 1764 1787 139 klommen te hebben daalden wy langs 114 zeer ongemaklyke trappen

144 1840 1756 136 naar beneden en bevonden ons toen tusschen eene Hove waarvan

138 1911 1804 137 de muren zo Ellen hoog zyn, daarna gingen wy onder een rots die

124 1982 1816 127 als een gewelf over de weg hong hierhad men eenige planken ge¬

137 2062 1804 127 legt wyl men ruders hier niet droog voets passeren kan: allengs

136 2136 1869 115 kens wierd het dal nu ruimer tot men het steinenhaus berecht, zynde

132 2204 1822 111 een uwe rotsklomp volmaakt in de Gedaante van een huis met

139 2277 1817 116 een sichs toelopend dak. Dan nu moesten wy eene moeijlyke manoen„

137 2340 1857 139 vre maken wilden wi het inwendige van de zoogenaamde Duwels¬

0 1010 142 111 1:1816
