2083 2540
180 59 1788 140 zedert 1787. In de zeer nette Hollandsche kerk ziet men naast de pre„

175 164 1809 113 dikstoel het graf van Henrica Casimira dochter van Frederik Hen„

173 217 1827 124 drik en Amalia zijnde hier aan de Kinderziekte overleden en naast

185 278 1833 141 epredikstoel begraven: ook vonden wy nog een kerk van een Burgemees„

185 354 1366 131 van Hanau met dit kort doch treffend opschrift

310 395 1554 164 Hodie mihi, Cras tibi, Amice lege & memento mori

1933 61 58 91 153

174 502 1836 153 de koster der Kerk sprak het Hollandsch ook zamelyk goed hetgeen ons

171 593 1847 109 vreemd voorkwam. Veel verhaalde ons nog de Hr. Potter nopens de in

167 650 1849 130 de buurt der stad geleverde batailje en het bestormen der stad zelve

185 709 1807 150 ingeselschap van ZynEd wandelden wy nog langs een gedeelte van

171 769 1823 143 het slagveld en zagen de verwoestingen, die vooral bij de Francfor¬

166 832 1840 149 ter poort zeer groot waren, hier toch was nog eene gansitie streek huizen

166 894 1846 147 waaraan men nog geen hand gezet had en die alle platgeschaten wa¬

162 960 1835 154 en afgebrand waren: meer binnenwaarts diet men weinig of geene

165 1021 1818 156 restes van die schriklijke dag en over het geheel genomen is Hta„

167 1096 1807 150 van goed bebouwd. Na nog wat gegeten en afscheid van ouzen land

168 1167 1801 145 genoot genomen te hebben reden wy om 3 uur over Wilhelmshad

162 1230 1822 135 naar Transfort; dit was wel eene kleine omweg doch de bekoorly=

162 1297 1830 147 ke badplaats, die wy dan zien zouden, vergoedde zulks ten vollen,

173 1367 1828 141 en waarlyk hiervan hebben wy geen berouw gehad, de aanleg der

159 1431 1779 137 tuinen is vooral zeer schoon; en beviel mi wel eene kunstig

165 1502 1783 141 gemaakte rine op een eiland aangenaam gelegen en door nia

165 1574 1853 139 na's en andere boomen omringd, hier woont de neurvorst dikwijls

161 1651 1833 128 wanneer hy zich te Wilhelmstad bevindt schoon er buitendien ook

160 1717 1794 133 een paleis voor Z. A. is: niet vervan daar is een zeer groote

161 1785 1864 125 liken boom die men onder zyn vieren niet kan omvademen. Op eene

163 1859 1817 117 kleine verhevenheid zieh men een zoude van alle zyden opene

157 1935 1860 121 tempel waarin Carronset gereden wordt; hiertoe zyn 2 schoone

151 2010 1810 117 wagens à lantique ieder met twee bijna levensgroote paar¬

162 2075 1831 117 den bespannen en twee andere in eene galopperende houding

160 2139 1831 134 op de grond staande, deeze worden zeer Zuel in de rond te be

159 2206 1850 133 wogen door een persoon die onder de vloer zit waar nevens alle

162 2284 1860 141 raderen zin zoo dat men van het mechanismus niets kan zien:
