2083 2540
179 77 1813 116 een heerlyk effect doet: kort voor Dessan kwamen wy over twee armen van

168 140 1842 126 de Mulda welker bruggen van weerzyden en van boven met hout bekleed

167 214 1817 119 zynde of eenige afstand naar huizen en van binnen, gelyk Bongardt

166 276 1849 127 zegt, naar Koetshuizen Gelyken; en zoo om zes uren 4e Dessev reden wy

156 355 1767 113 „laat segemelde stad binnen. — Dit stadje, waarin 7000 inwoners zyn,

166 410 1800 131 behoort aan den Gf van Dessan, dien wy, wyl hy op een lustslot,

168 483 1793 121 Louisuum geheten, woondt, niet gezien hebben: zy is allerliefst gelegen

175 557 1822 116 en de cnvirons zyn uitmuntend schoon: even buiten de stad is een voor

170 624 1864 116 ettelyke jaren aangelegd kerkhof van buiten door eene vreede muur, waar=

159 691 1870 128 onder grafkelders zyn, en door sparren omgeven, terwyl men in de omtrek

156 756 1877 130 van de muur eene menigte acacia's, sparren, treuzwilgen, rozen en ande„

163 842 1814 116 re bloemen vindt waarmede de naastbestaande de graven hunner

154 908 1865 118 overledene bloedwerwanten verceeren: zeer eenvoudige monumenten

160 975 1803 140 ziet men op deeze staan zomtyds met versche bloeme kransen

161 1040 1855 130 omgeven; het gezicht van dit alles trofons zeer en met genoegen

160 1118 1786 127 wandelden wij dien avond een geruime tyd in hetzelve rondt.

157 1181 1862 152 Georguum een lustplaats van de moeder der regeerenden Hertogs,

162 1261 1784 121 waarin een klein maar welgebouwd slot is, bredt ook zeer lieve

154 1318 1889 138 wandelingen het is op eenige afstand van Dessan Gelegen: middel

145 1403 1891 130 in de tin niet men het standveeld van den vorst twelk, zoo als

159 1480 1821 132 men ous zeide, zeer goed gelykt. met groot genoege bragten wy

164 1551 1829 137 hier het overige van den avond door en keerder niet dan laat

161 1631 1787 145 naar de stad terug. ons logement de gouden ring voldeel ons by

166 1707 1787 134 uitstek wel en waarlyk wy hadden ook wel een goed loge=

160 1782 1789 137 ment nodig daar wy zeder tons vertrek uit Berlyn zeer

162 1854 1825 145 slegte herbergen hadden aangetroffen: dat wy ons dus aan een

161 1935 1832 160 goed souper vry wat te goede deeden en dien nagt zeer goed

163 2016 1745 134 sleepen zal un wel niet verwonderen. met dat al waren wij

170 2082 1860 153 al weder vroeg by der hand en reden, ten einde vroeg in Halle

165 2175 1838 138 te zyn, reeds voort na vier uren uit dessan, wy hadden het ge„

163 2253 1868 132 noegen van nog by voortdeering over dezelfde schoone chans„

166 2324 1864 149 sie te tyden tot wy aan een Groot bosch genaderd waren aan

0 2124 130 138 1816.
