2083 2540
174 77 1780 133 was weggespoeld en de steenen waren blyven liggen: al aanstonds hadden

185 163 1775 126 gelegenheid ons van de waarheid van dit gezegde te overtuigen het

177 222 1791 130 en wij deerlyk tot ons nadeel ondervonden. By een dorp, wiens naam ik

174 284 1816 131 niet kan leggen, daar het op de kaart niet te vinden is, de een het Salo

171 357 1805 120 non en een ander, die wy een oogenblik later vroegen, het Wittischik noem=

174 427 1795 118 ,zagen wy eenige buitenplaatsen tusschen welke de weg doorliep:

163 485 1821 130 prt voor Ronneburg, in welk stadje wij ons een half uur ophielden,

160 551 1755 133 kwamen wy op de chansse welk gezicht voor ons op dat oogenblik

157 620 1820 114 was als land voor zeelieden die te vergeefsch er eenige tyd na ge¬

156 686 1794 136 ogt hebben: spoedig waren wy dus te Gera waar wy het diner in

157 749 1785 137 te Gruine vann bestelden: immiddels wandelden wij dit door een

153 819 1751 130 hevige brand voor eenige jaren geheel en al verwoeste stadje

146 875 1798 156 door en zogten te vergeefs naar het slot van den Hertog van Reuss

148 954 1835 134 lem, wien deze stad te voren toekwam, daar hetzelve buiten Gera

150 1030 1876 146 igt: ons diner, het eerste dat wy zedert Freyberg genoten, was, schoon

148 1106 1841 153 by in het eerste logement waren, al heel sober, doch wy moesten het

144 1178 1824 140 ons laten welgevallen. Kwart voor éénen zaten wy weder op het

150 1252 1822 145 lyting en kwamen het eerst te Costris aan, de chanssi was kort

150 1334 1786 138 achter Gera tot onze groote spyt opgehouden, en het Ging thans

148 1411 1838 129 weder berg op beng af=Htelzy onwekend het zy met opzet bedroog

147 1477 1832 135 men ons hierop eene gruwlyke wyze ons te vroeg een zyweg la¬

147 1563 1746 132 rende inslaan waardoor wy weder op zulk eene naauwe

141 1626 1886 147 slegte en steenige weg geraakten dat het lyting weder tot twee

142 1707 1875 147 maal toe brak hetwelk wy zoo goed mogelyk met touwen, stokken

142 1786 1868 146 enz repareerden: hiertoe deed het vreeslijk, uitgezogt en langdarig

142 1867 1859 131 vloeken van onzen voerman Gewis niet weinig af: wij hadden nu

144 1935 1865 153 reeds zoo lang met die man Gereisd en nooit iets van zyn vloeken

144 2008 1851 151 gemerkt dan in die twee fatale dagen van Treijberg naar Jena;

151 2078 1828 148 men kon soms het laaten niet laten als hy in vertwyfeling uit

144 2164 1872 146 riep o liever Herr Gott, weund der Weg immer so slecht bleibt bin

141 2244 1884 132 ick meing leven ondentlech satt, het was als of hy zich dan zoo zoo

142 2325 1884 141 zoude te kort doen, hy wierp bij dusdanige exclamaties gewoonlyk
