2083 2540
343 0 367 40 Personen

618 199 274 116 Amice

1090 21 656 121 Munster den 2 July 1816.

131 244 1845 195 ten vollen overtugd dat beloften schulden maken vat ik reeds de derde

125 368 1884 143 dag na ons vertrek uit Groningen de pen op, om in het verslag van onze

123 432 1895 124 eis herwaarts mede te deelen, hopende dit gedurende myne gansche afwezen

123 489 1885 143 heid geregeld vol te houden: zoo gy echter van my fraaye en geleerde Aanmer=

120 546 1895 140 kingen over het een en ander verwagt, dan hebt gy in deerlijk bedrogen; neem

120 609 1866 128 daar ben ik de persoon in 't geheel niet; en om in over de zeden, gebruiken

122 662 1894 145 en gewoonten van Duitslands en wooneren te onderhouden, daartoe heb ik

119 724 1902 143 noch tyd noch last, myne bevindingen en opmerkingen daaromtrent koop

120 787 1897 128 ik w naderhand, des verkiezende, wel eens mondeling mede te deelen:

118 844 1863 152 gy zult dan niets ontvangen als een eenvoudig doch zeer naauwkeuzig

118 904 1884 151 verhaal van hetgeen ik gezien of ondervonden heb, ons gezelschap toe

117 968 1887 149 uit zeven persoonen bestaande, waarvan veele geheel verschillende

114 1031 1890 158 belangens hebben, zullen wy ons dikwyls scheidden, wanneer ik u, zon„

118 1096 1851 167 der my optehouden met hetgeen myne reisgenoten zonder my zagen of

119 1169 1864 147 deden, alleen dat geene mede deelen, wat ik zelf gezien, verricht, of

120 1239 1888 144 ondervonden heb voor de waarheid van dat alles dan volkomen in¬

121 1308 1841 142 staande. Intusschen moet ik zoo wel voor deeze als voor alle myne

122 1374 1810 147 volgende brieven uwe toegevenheid reeds bij voorraad inroepen,

124 1434 1877 141 daar het my meestal aan tyd zal ontbreken, en dezelve dus veel al

121 1499 1871 154 blyken van groote haast zullen dragen dan genoeg hiervan ik wiet

124 1573 1819 149 dat ik hier volkomen op kan rekenen en dat gi dit zoo naau niet

130 1640 1852 163 neemt, maak is dan maar Gereed om de reis met my aan te nemen.

149 1727 1868 174 Wy verlieten dan op Zaturdag den 29 Juny 1816 onder ons vieren onze

141 1829 1897 151 geboorte stad met onze 3 Hollandsche reisgenoten een logement in Munster

143 1897 1884 153 bepaald hebbende om elkanderen te ontmoeten: in plaats van den ge¬

137 1964 1915 163 wonen weg naar Coevonden te nemen besloten wy over regt, Gieten, Gassel

134 2033 1918 147 en zoo vervolgens te ryden: zonder eenige bijzonderheid passeerden in

131 2096 1911 137 successivelyk Haren, Harender-molen, Noord-Mid- en Zuidlaren, hielden ons

129 2161 1919 135 een oogenblik te Anlo op en lieten van rext het ryting ledig naar Gieten zyd

133 2229 1914 120 intusschen wandelden wy derwaarts langs de beroemde Eexter grafkelder

130 2288 1896 125 door van hier in zyne oudheidkundige brieven over Drente 2oo naauwkeurig

129 2349 1912 115 beschreven, naar het groote Hunnebed en de 2 drooge en natte kom¬
