<?xml version='1.0' encoding='UTF-8' standalone='yes'?>
<alto xmlns:xsi="http://www.w3.org/2001/XMLSchema-instance" xmlns="http://www.loc.gov/standards/alto/ns-v4#" xsi:schemaLocation="http://www.loc.gov/standards/alto/ns-v4# http://www.loc.gov/standards/alto/v4/alto-4-2.xsd" SCHEMAVERSION="4.2">
  <Description>
    <MeasurementUnit>pixel</MeasurementUnit>
    <sourceImageInformation>
      <fileName>0321_0552_0179_0321.jpg</fileName>
    </sourceImageInformation>
  </Description>
  <Styles>
    <TextStyle ID="textstyle-None---sans-serif---proportional---None---None---None" FONTTYPE="sans-serif" FONTWIDTH="proportional"/>
  </Styles>
  <Tags/>
  <Layout>
    <Page ID="None" PHYSICAL_IMG_NR="0" WIDTH="2083" HEIGHT="2540">
      <PrintSpace VPOS="0" HPOS="0" HEIGHT="2540" WIDTH="2083">
        <TextBlock ID="region_3362d0ea-e7fa-41d6-991b-5d83d834dff2" HEIGHT="2422" WIDTH="1928" HPOS="133" VPOS="37">
          <Shape>
            <Polygon POINTS="133,37 2061,37 2061,2459 133,2459"/>
          </Shape>
          <TextLine ID="line_8c9fdb94-2545-43c8-bc0d-1430ff4cd9c2" HEIGHT="168" WIDTH="1758" HPOS="147" VPOS="37" STYLEREFS="textstyle-None---sans-serif---proportional---None---None---None">
            <Shape>
              <Polygon POINTS="147,89 161,81 190,101 204,93 228,105 265,97 285,81 297,89 306,85 319,97 345,78 397,97 432,81 453,85 481,74 492,85 529,79 570,89 597,85 604,92 612,85 625,93 637,81 653,85 685,69 705,77 733,69 752,82 764,73 786,77 794,69 813,73 821,66 843,85 852,77 888,78 897,69 931,85 943,75 953,85 963,78 970,85 1001,85 1020,72 1055,73 1076,61 1103,77 1144,57 1176,71 1192,65 1209,77 1225,77 1255,57 1277,61 1304,50 1363,69 1391,51 1401,61 1420,62 1430,53 1454,61 1500,49 1512,61 1537,61 1560,74 1602,42 1616,53 1647,54 1698,38 1739,51 1816,37 1848,53 1859,46 1905,69 1905,115 1864,149 1846,145 1839,152 1815,152 1789,129 1752,132 1739,120 1725,120 1697,124 1689,132 1664,117 1620,121 1608,133 1545,121 1521,140 1504,143 1481,125 1469,136 1453,125 1429,132 1416,125 1391,149 1361,149 1338,135 1320,149 1287,133 1275,141 1213,133 1181,148 1162,133 1144,145 1112,137 1071,177 1016,171 975,148 936,168 899,145 888,156 856,147 808,157 796,149 752,181 717,188 683,161 643,180 616,163 549,165 535,177 511,161 496,168 461,165 444,181 397,165 352,205 300,168 264,173 232,200 211,197 193,204 173,193 157,201 147,192"/>
            </Shape>
            <String ID="line_8c9fdb94-2545-43c8-bc0d-1430ff4cd9c2-dummy-Word" HEIGHT="168" WIDTH="1758" HPOS="147" VPOS="37" CONTENT="wy toch op eene zondag nademiddag buiten de Manizer Thor langs">
              <Shape>
                <Polygon POINTS="147,89 161,81 190,101 204,93 228,105 265,97 285,81 297,89 306,85 319,97 345,78 397,97 432,81 453,85 481,74 492,85 529,79 570,89 597,85 604,92 612,85 625,93 637,81 653,85 685,69 705,77 733,69 752,82 764,73 786,77 794,69 813,73 821,66 843,85 852,77 888,78 897,69 931,85 943,75 953,85 963,78 970,85 1001,85 1020,72 1055,73 1076,61 1103,77 1144,57 1176,71 1192,65 1209,77 1225,77 1255,57 1277,61 1304,50 1363,69 1391,51 1401,61 1420,62 1430,53 1454,61 1500,49 1512,61 1537,61 1560,74 1602,42 1616,53 1647,54 1698,38 1739,51 1816,37 1848,53 1859,46 1905,69 1905,115 1864,149 1846,145 1839,152 1815,152 1789,129 1752,132 1739,120 1725,120 1697,124 1689,132 1664,117 1620,121 1608,133 1545,121 1521,140 1504,143 1481,125 1469,136 1453,125 1429,132 1416,125 1391,149 1361,149 1338,135 1320,149 1287,133 1275,141 1213,133 1181,148 1162,133 1144,145 1112,137 1071,177 1016,171 975,148 936,168 899,145 888,156 856,147 808,157 796,149 752,181 717,188 683,161 643,180 616,163 549,165 535,177 511,161 496,168 461,165 444,181 397,165 352,205 300,168 264,173 232,200 211,197 193,204 173,193 157,201 147,192"/>
              </Shape>
            </String>
          </TextLine>
          <TextLine ID="line_1a83cde5-2c55-4ff1-b39d-fce0366ac25f" HEIGHT="157" WIDTH="1872" HPOS="141" VPOS="111" STYLEREFS="textstyle-None---sans-serif---proportional---None---None---None">
            <Shape>
              <Polygon POINTS="141,208 173,194 194,201 221,179 233,190 256,167 287,171 297,181 311,174 347,207 391,167 426,174 439,185 455,171 490,159 506,166 531,159 554,175 570,175 586,162 598,170 609,159 622,168 638,162 678,174 690,167 722,187 762,155 776,166 786,158 818,158 829,147 872,147 885,155 903,143 939,151 975,143 996,162 1049,177 1073,175 1113,135 1128,142 1137,135 1162,135 1179,150 1217,131 1227,139 1249,134 1266,143 1288,131 1312,143 1346,139 1371,154 1389,151 1415,127 1423,134 1436,127 1460,130 1491,151 1541,123 1570,123 1603,134 1621,119 1666,119 1691,132 1737,118 1772,138 1796,131 1811,146 1841,154 1863,150 1910,111 1953,122 1962,115 2013,137 2013,183 1932,182 1907,192 1892,182 1823,182 1768,214 1721,189 1678,189 1656,207 1625,186 1584,190 1577,197 1537,193 1529,201 1509,190 1473,190 1462,201 1425,194 1393,205 1357,194 1340,204 1321,198 1305,212 1286,198 1255,209 1223,201 1193,209 1185,201 1168,201 1138,221 1115,217 1081,237 1060,228 1005,236 974,209 956,213 944,205 926,209 886,237 865,221 849,224 833,209 793,215 786,209 769,221 729,213 717,223 692,213 624,240 608,228 559,217 506,241 475,229 432,268 387,228 372,225 350,236 310,236 265,263 226,236 217,245 206,240 187,249 160,268 141,256"/>
            </Shape>
            <String ID="line_1a83cde5-2c55-4ff1-b39d-fce0366ac25f-dummy-Word" HEIGHT="157" WIDTH="1872" HPOS="141" VPOS="111" CONTENT="eene zy buitenplaatsen over het dorp Bockenheim naar Hausen gewandelt">
              <Shape>
                <Polygon POINTS="141,208 173,194 194,201 221,179 233,190 256,167 287,171 297,181 311,174 347,207 391,167 426,174 439,185 455,171 490,159 506,166 531,159 554,175 570,175 586,162 598,170 609,159 622,168 638,162 678,174 690,167 722,187 762,155 776,166 786,158 818,158 829,147 872,147 885,155 903,143 939,151 975,143 996,162 1049,177 1073,175 1113,135 1128,142 1137,135 1162,135 1179,150 1217,131 1227,139 1249,134 1266,143 1288,131 1312,143 1346,139 1371,154 1389,151 1415,127 1423,134 1436,127 1460,130 1491,151 1541,123 1570,123 1603,134 1621,119 1666,119 1691,132 1737,118 1772,138 1796,131 1811,146 1841,154 1863,150 1910,111 1953,122 1962,115 2013,137 2013,183 1932,182 1907,192 1892,182 1823,182 1768,214 1721,189 1678,189 1656,207 1625,186 1584,190 1577,197 1537,193 1529,201 1509,190 1473,190 1462,201 1425,194 1393,205 1357,194 1340,204 1321,198 1305,212 1286,198 1255,209 1223,201 1193,209 1185,201 1168,201 1138,221 1115,217 1081,237 1060,228 1005,236 974,209 956,213 944,205 926,209 886,237 865,221 849,224 833,209 793,215 786,209 769,221 729,213 717,223 692,213 624,240 608,228 559,217 506,241 475,229 432,268 387,228 372,225 350,236 310,236 265,263 226,236 217,245 206,240 187,249 160,268 141,256"/>
              </Shape>
            </String>
          </TextLine>
          <TextLine ID="line_4bda4b58-f1ae-4e5f-809d-5efbe4b88fae" HEIGHT="149" WIDTH="1864" HPOS="142" VPOS="182" STYLEREFS="textstyle-None---sans-serif---proportional---None---None---None">
            <Shape>
              <Polygon POINTS="142,249 161,266 196,236 217,245 235,233 268,250 329,229 346,237 371,226 387,229 431,269 486,223 506,238 525,238 556,218 583,221 598,233 615,218 658,225 685,214 748,214 769,221 778,213 828,210 847,221 867,221 886,235 939,206 976,210 1011,238 1035,223 1083,237 1112,218 1126,225 1167,202 1192,206 1200,198 1220,198 1240,210 1266,210 1287,198 1307,210 1326,197 1365,197 1394,209 1409,196 1428,210 1461,216 1477,205 1508,213 1539,190 1548,197 1564,192 1593,198 1614,186 1632,193 1648,186 1701,186 1735,194 1766,213 1805,182 1893,182 1906,193 1929,182 1966,182 1993,198 2006,190 2006,236 1990,233 1966,253 1928,248 1917,259 1893,245 1845,257 1812,244 1784,244 1758,268 1727,279 1693,260 1671,264 1658,276 1634,260 1607,272 1580,264 1564,276 1512,256 1490,264 1469,284 1451,284 1443,276 1429,279 1402,256 1370,256 1333,292 1314,279 1251,287 1237,280 1229,286 1206,268 1185,272 1174,266 1146,276 1134,264 1101,264 1065,275 1032,268 978,303 922,268 914,276 847,272 806,296 770,287 761,278 722,296 688,283 659,307 642,311 604,295 558,305 539,289 503,284 460,323 432,308 397,315 361,292 301,331 251,295 235,295 213,312 200,311 188,299 176,300 161,315 142,307"/>
            </Shape>
            <String ID="line_4bda4b58-f1ae-4e5f-809d-5efbe4b88fae-dummy-Word" HEIGHT="149" WIDTH="1864" HPOS="142" VPOS="182" CONTENT="waarwy half Transfort haast by een vonden, het is op een uurafstand van">
              <Shape>
                <Polygon POINTS="142,249 161,266 196,236 217,245 235,233 268,250 329,229 346,237 371,226 387,229 431,269 486,223 506,238 525,238 556,218 583,221 598,233 615,218 658,225 685,214 748,214 769,221 778,213 828,210 847,221 867,221 886,235 939,206 976,210 1011,238 1035,223 1083,237 1112,218 1126,225 1167,202 1192,206 1200,198 1220,198 1240,210 1266,210 1287,198 1307,210 1326,197 1365,197 1394,209 1409,196 1428,210 1461,216 1477,205 1508,213 1539,190 1548,197 1564,192 1593,198 1614,186 1632,193 1648,186 1701,186 1735,194 1766,213 1805,182 1893,182 1906,193 1929,182 1966,182 1993,198 2006,190 2006,236 1990,233 1966,253 1928,248 1917,259 1893,245 1845,257 1812,244 1784,244 1758,268 1727,279 1693,260 1671,264 1658,276 1634,260 1607,272 1580,264 1564,276 1512,256 1490,264 1469,284 1451,284 1443,276 1429,279 1402,256 1370,256 1333,292 1314,279 1251,287 1237,280 1229,286 1206,268 1185,272 1174,266 1146,276 1134,264 1101,264 1065,275 1032,268 978,303 922,268 914,276 847,272 806,296 770,287 761,278 722,296 688,283 659,307 642,311 604,295 558,305 539,289 503,284 460,323 432,308 397,315 361,292 301,331 251,295 235,295 213,312 200,311 188,299 176,300 161,315 142,307"/>
              </Shape>
            </String>
          </TextLine>
          <TextLine ID="f023837a-87d1-4a64-aa53-ff72ac13497e" HEIGHT="147" WIDTH="1864" HPOS="142" VPOS="242" STYLEREFS="textstyle-None---sans-serif---proportional---None---None---None">
            <Shape>
              <Polygon POINTS="142,307 161,316 177,301 191,300 212,313 234,297 259,301 286,291 320,324 359,293 371,293 393,312 422,308 434,320 445,316 461,324 502,285 546,294 559,281 567,288 595,289 642,312 657,308 686,281 701,292 732,297 762,277 802,302 846,273 909,277 927,269 973,304 994,292 1011,293 1023,304 1058,273 1066,279 1084,268 1094,276 1119,261 1161,276 1189,266 1221,277 1235,265 1264,265 1284,281 1311,277 1330,293 1366,261 1381,258 1403,257 1429,280 1468,285 1489,265 1510,257 1537,261 1551,250 1569,253 1598,273 1617,261 1633,261 1655,277 1666,269 1682,273 1694,261 1716,277 1733,277 1750,272 1780,245 1815,245 1840,257 1886,249 1911,257 1931,242 1964,254 2006,250 2006,296 1995,307 1957,294 1921,294 1895,305 1881,301 1829,341 1790,341 1748,306 1736,317 1711,318 1701,327 1662,317 1619,317 1596,326 1581,314 1566,325 1545,326 1508,353 1459,337 1450,341 1438,329 1420,333 1408,322 1374,322 1342,337 1315,330 1277,366 1238,341 1226,345 1196,326 1174,326 1165,333 1127,333 1119,341 1053,334 1034,345 1017,334 1008,343 984,341 976,349 958,337 938,357 919,349 902,357 877,338 855,338 844,349 795,338 775,349 753,345 732,357 717,357 701,342 683,342 659,361 636,353 623,357 615,349 596,357 578,346 559,357 528,361 516,349 505,349 492,361 462,357 413,384 371,385 357,373 340,377 326,369 310,385 284,389 260,365 249,373 232,365 215,372 192,365 142,385"/>
            </Shape>
            <String ID="f023837a-87d1-4a64-aa53-ff72ac13497e-dummy-Word" HEIGHT="147" WIDTH="1864" HPOS="142" VPOS="242" CONTENT="de stad gelegen. Een ander maal wandelden wij 's morgens zeer vroeg naar">
              <Shape>
                <Polygon POINTS="142,307 161,316 177,301 191,300 212,313 234,297 259,301 286,291 320,324 359,293 371,293 393,312 422,308 434,320 445,316 461,324 502,285 546,294 559,281 567,288 595,289 642,312 657,308 686,281 701,292 732,297 762,277 802,302 846,273 909,277 927,269 973,304 994,292 1011,293 1023,304 1058,273 1066,279 1084,268 1094,276 1119,261 1161,276 1189,266 1221,277 1235,265 1264,265 1284,281 1311,277 1330,293 1366,261 1381,258 1403,257 1429,280 1468,285 1489,265 1510,257 1537,261 1551,250 1569,253 1598,273 1617,261 1633,261 1655,277 1666,269 1682,273 1694,261 1716,277 1733,277 1750,272 1780,245 1815,245 1840,257 1886,249 1911,257 1931,242 1964,254 2006,250 2006,296 1995,307 1957,294 1921,294 1895,305 1881,301 1829,341 1790,341 1748,306 1736,317 1711,318 1701,327 1662,317 1619,317 1596,326 1581,314 1566,325 1545,326 1508,353 1459,337 1450,341 1438,329 1420,333 1408,322 1374,322 1342,337 1315,330 1277,366 1238,341 1226,345 1196,326 1174,326 1165,333 1127,333 1119,341 1053,334 1034,345 1017,334 1008,343 984,341 976,349 958,337 938,357 919,349 902,357 877,338 855,338 844,349 795,338 775,349 753,345 732,357 717,357 701,342 683,342 659,361 636,353 623,357 615,349 596,357 578,346 559,357 528,361 516,349 505,349 492,361 462,357 413,384 371,385 357,373 340,377 326,369 310,385 284,389 260,365 249,373 232,365 215,372 192,365 142,385"/>
              </Shape>
            </String>
          </TextLine>
          <TextLine ID="line_0fbcd328-944f-46e0-97a1-4d75eb79f09d" HEIGHT="167" WIDTH="1842" HPOS="142" VPOS="294" STYLEREFS="textstyle-None---sans-serif---proportional---None---None---None">
            <Shape>
              <Polygon POINTS="142,379 154,384 192,366 202,372 224,365 252,372 258,366 284,392 312,384 327,370 353,388 374,388 431,381 463,357 495,360 506,349 531,361 561,356 572,345 598,357 616,349 624,357 636,352 661,360 684,341 702,341 727,357 784,337 799,337 831,367 863,365 873,357 886,368 915,348 926,356 943,351 957,337 971,348 1002,352 1011,346 1017,352 1053,333 1082,334 1089,341 1126,337 1154,361 1187,338 1195,343 1203,337 1247,372 1268,373 1315,329 1359,333 1375,322 1400,325 1410,335 1439,332 1451,344 1460,337 1485,349 1511,329 1536,321 1566,325 1579,314 1604,325 1639,314 1668,321 1700,313 1707,320 1728,317 1736,325 1764,321 1789,340 1816,337 1827,343 1879,298 1893,305 1919,294 1956,294 1984,313 1984,360 1964,374 1943,366 1917,390 1883,381 1858,362 1834,382 1788,366 1746,382 1724,373 1699,398 1683,389 1627,389 1584,374 1552,397 1495,398 1471,421 1447,402 1404,389 1372,413 1333,389 1291,401 1280,393 1259,401 1242,390 1215,405 1184,405 1176,397 1137,405 1119,397 1077,421 1065,413 1042,413 1019,425 1010,416 984,421 970,435 924,402 891,421 866,409 845,424 822,417 799,428 764,409 734,418 722,410 655,410 621,425 576,422 555,441 507,413 480,425 462,417 428,417 398,441 385,433 366,437 350,421 276,433 236,425 202,452 191,449 178,461 165,453 142,457"/>
            </Shape>
            <String ID="line_0fbcd328-944f-46e0-97a1-4d75eb79f09d-dummy-Word" HEIGHT="167" WIDTH="1842" HPOS="142" VPOS="294" CONTENT="Offenbach een stadje aan de overzyde van den Main op het voormalige">
              <Shape>
                <Polygon POINTS="142,379 154,384 192,366 202,372 224,365 252,372 258,366 284,392 312,384 327,370 353,388 374,388 431,381 463,357 495,360 506,349 531,361 561,356 572,345 598,357 616,349 624,357 636,352 661,360 684,341 702,341 727,357 784,337 799,337 831,367 863,365 873,357 886,368 915,348 926,356 943,351 957,337 971,348 1002,352 1011,346 1017,352 1053,333 1082,334 1089,341 1126,337 1154,361 1187,338 1195,343 1203,337 1247,372 1268,373 1315,329 1359,333 1375,322 1400,325 1410,335 1439,332 1451,344 1460,337 1485,349 1511,329 1536,321 1566,325 1579,314 1604,325 1639,314 1668,321 1700,313 1707,320 1728,317 1736,325 1764,321 1789,340 1816,337 1827,343 1879,298 1893,305 1919,294 1956,294 1984,313 1984,360 1964,374 1943,366 1917,390 1883,381 1858,362 1834,382 1788,366 1746,382 1724,373 1699,398 1683,389 1627,389 1584,374 1552,397 1495,398 1471,421 1447,402 1404,389 1372,413 1333,389 1291,401 1280,393 1259,401 1242,390 1215,405 1184,405 1176,397 1137,405 1119,397 1077,421 1065,413 1042,413 1019,425 1010,416 984,421 970,435 924,402 891,421 866,409 845,424 822,417 799,428 764,409 734,418 722,410 655,410 621,425 576,422 555,441 507,413 480,425 462,417 428,417 398,441 385,433 366,437 350,421 276,433 236,425 202,452 191,449 178,461 165,453 142,457"/>
              </Shape>
            </String>
          </TextLine>
          <TextLine ID="line_422e94b4-51ae-4827-a908-7d983a3672ff" HEIGHT="161" WIDTH="1851" HPOS="155" VPOS="363" STYLEREFS="textstyle-None---sans-serif---proportional---None---None---None">
            <Shape>
              <Polygon POINTS="155,451 174,463 225,431 237,435 254,427 264,435 288,419 308,427 336,419 355,423 383,450 416,423 461,415 481,423 523,416 552,442 577,420 584,426 619,411 630,418 671,407 717,407 732,422 757,410 776,422 816,422 826,415 845,423 868,410 889,422 922,403 969,435 1029,401 1054,415 1081,418 1101,402 1129,410 1137,402 1193,394 1222,418 1266,391 1296,398 1324,387 1361,406 1380,405 1402,390 1455,427 1508,390 1546,399 1565,387 1617,378 1629,387 1640,382 1648,390 1693,390 1700,397 1733,367 1751,367 1763,379 1806,370 1833,380 1862,363 1878,378 1934,398 1964,374 2006,385 2006,430 1993,442 1977,433 1936,438 1927,430 1890,430 1864,448 1817,434 1763,434 1744,441 1727,434 1681,457 1669,449 1653,460 1617,442 1590,442 1573,454 1552,453 1529,476 1499,476 1485,485 1455,473 1438,476 1412,460 1376,461 1358,449 1336,461 1327,457 1301,476 1293,469 1261,469 1232,484 1209,481 1191,492 1164,465 1141,472 1125,468 1113,477 1099,469 1089,479 1077,469 1064,477 1037,461 1002,476 904,477 878,496 849,485 820,485 780,498 767,489 757,497 711,496 684,477 676,485 656,481 636,493 617,492 602,504 575,481 553,481 485,512 441,508 428,496 391,512 369,508 348,524 309,489 282,496 249,493 218,508 197,508 185,498 163,520 155,514"/>
            </Shape>
            <String ID="line_422e94b4-51ae-4827-a908-7d983a3672ff-dummy-Word" HEIGHT="161" WIDTH="1851" HPOS="155" VPOS="363" CONTENT="Ysenburgsche thans Darmstadsche grondgebied een grootuur van Franc„">
              <Shape>
                <Polygon POINTS="155,451 174,463 225,431 237,435 254,427 264,435 288,419 308,427 336,419 355,423 383,450 416,423 461,415 481,423 523,416 552,442 577,420 584,426 619,411 630,418 671,407 717,407 732,422 757,410 776,422 816,422 826,415 845,423 868,410 889,422 922,403 969,435 1029,401 1054,415 1081,418 1101,402 1129,410 1137,402 1193,394 1222,418 1266,391 1296,398 1324,387 1361,406 1380,405 1402,390 1455,427 1508,390 1546,399 1565,387 1617,378 1629,387 1640,382 1648,390 1693,390 1700,397 1733,367 1751,367 1763,379 1806,370 1833,380 1862,363 1878,378 1934,398 1964,374 2006,385 2006,430 1993,442 1977,433 1936,438 1927,430 1890,430 1864,448 1817,434 1763,434 1744,441 1727,434 1681,457 1669,449 1653,460 1617,442 1590,442 1573,454 1552,453 1529,476 1499,476 1485,485 1455,473 1438,476 1412,460 1376,461 1358,449 1336,461 1327,457 1301,476 1293,469 1261,469 1232,484 1209,481 1191,492 1164,465 1141,472 1125,468 1113,477 1099,469 1089,479 1077,469 1064,477 1037,461 1002,476 904,477 878,496 849,485 820,485 780,498 767,489 757,497 711,496 684,477 676,485 656,481 636,493 617,492 602,504 575,481 553,481 485,512 441,508 428,496 391,512 369,508 348,524 309,489 282,496 249,493 218,508 197,508 185,498 163,520 155,514"/>
              </Shape>
            </String>
          </TextLine>
          <TextLine ID="line_34ef8ac8-b27d-4253-b118-621a219ae858" HEIGHT="164" WIDTH="1850" HPOS="148" VPOS="429" STYLEREFS="textstyle-None---sans-serif---proportional---None---None---None">
            <Shape>
              <Polygon POINTS="148,506 164,520 186,498 198,508 218,508 250,493 283,496 310,489 349,524 370,508 392,512 427,496 442,508 486,512 554,481 576,481 603,504 618,492 636,493 657,481 676,487 691,477 712,496 757,497 768,489 781,498 821,485 849,485 873,501 916,472 925,480 949,479 999,469 1026,472 1037,461 1065,476 1091,472 1113,478 1145,461 1163,467 1191,492 1216,476 1231,484 1264,469 1306,476 1329,457 1337,461 1352,453 1367,464 1412,460 1438,476 1485,485 1496,476 1530,476 1590,441 1617,441 1653,460 1669,449 1682,456 1727,433 1744,441 1763,433 1817,433 1865,447 1890,429 1927,429 1935,437 1978,433 1998,452 1998,498 1979,509 1927,497 1913,509 1889,500 1868,513 1849,514 1827,501 1789,501 1765,519 1736,524 1720,524 1712,516 1671,524 1656,513 1641,513 1612,528 1586,511 1570,513 1556,527 1538,518 1492,537 1465,513 1432,532 1399,517 1355,547 1320,528 1292,529 1272,521 1255,525 1212,560 1162,545 1128,565 1048,529 1023,533 1007,549 990,545 964,555 951,542 937,556 920,541 901,550 842,544 827,549 817,540 783,565 761,564 752,555 746,561 722,556 705,545 646,549 616,561 576,549 551,573 530,566 513,577 496,561 409,553 398,564 349,565 318,593 281,562 266,565 241,587 218,564 193,568 170,588 152,576 148,580"/>
            </Shape>
            <String ID="line_34ef8ac8-b27d-4253-b118-621a219ae858-dummy-Word" HEIGHT="164" WIDTH="1850" HPOS="148" VPOS="429" CONTENT="fortgelegen: aan het huis van der H:r Meyer, die thans eene reis door Zwit„">
              <Shape>
                <Polygon POINTS="148,506 164,520 186,498 198,508 218,508 250,493 283,496 310,489 349,524 370,508 392,512 427,496 442,508 486,512 554,481 576,481 603,504 618,492 636,493 657,481 676,487 691,477 712,496 757,497 768,489 781,498 821,485 849,485 873,501 916,472 925,480 949,479 999,469 1026,472 1037,461 1065,476 1091,472 1113,478 1145,461 1163,467 1191,492 1216,476 1231,484 1264,469 1306,476 1329,457 1337,461 1352,453 1367,464 1412,460 1438,476 1485,485 1496,476 1530,476 1590,441 1617,441 1653,460 1669,449 1682,456 1727,433 1744,441 1763,433 1817,433 1865,447 1890,429 1927,429 1935,437 1978,433 1998,452 1998,498 1979,509 1927,497 1913,509 1889,500 1868,513 1849,514 1827,501 1789,501 1765,519 1736,524 1720,524 1712,516 1671,524 1656,513 1641,513 1612,528 1586,511 1570,513 1556,527 1538,518 1492,537 1465,513 1432,532 1399,517 1355,547 1320,528 1292,529 1272,521 1255,525 1212,560 1162,545 1128,565 1048,529 1023,533 1007,549 990,545 964,555 951,542 937,556 920,541 901,550 842,544 827,549 817,540 783,565 761,564 752,555 746,561 722,556 705,545 646,549 616,561 576,549 551,573 530,566 513,577 496,561 409,553 398,564 349,565 318,593 281,562 266,565 241,587 218,564 193,568 170,588 152,576 148,580"/>
              </Shape>
            </String>
          </TextLine>
          <TextLine ID="line_1e63159e-b5bd-4441-81a2-2c57bb62604e" HEIGHT="160" WIDTH="1868" HPOS="145" VPOS="495" STYLEREFS="textstyle-None---sans-serif---proportional---None---None---None">
            <Shape>
              <Polygon POINTS="145,581 152,574 176,582 207,559 246,582 267,563 285,566 319,594 355,559 382,571 409,555 457,555 505,586 534,569 546,578 576,551 586,554 594,547 631,562 649,550 681,550 691,543 718,558 786,566 810,550 885,551 902,535 934,554 952,542 964,550 997,545 1006,551 1032,531 1058,531 1084,546 1098,542 1129,566 1165,545 1175,554 1213,561 1237,539 1258,535 1271,523 1306,523 1332,535 1353,522 1451,550 1479,530 1509,535 1534,515 1559,525 1575,511 1617,507 1634,518 1657,511 1684,526 1707,510 1724,523 1753,519 1785,499 1821,499 1839,511 1860,511 1885,499 1908,504 1933,495 1948,507 1997,507 2013,519 2013,566 1996,579 1970,566 1919,567 1886,590 1871,590 1856,576 1797,586 1778,571 1764,578 1737,571 1697,590 1678,575 1640,575 1632,583 1618,579 1601,587 1545,579 1486,618 1470,614 1449,594 1412,590 1397,603 1385,598 1361,619 1345,622 1316,622 1271,595 1260,602 1236,595 1208,606 1181,596 1160,615 1129,626 1117,618 1097,631 1081,622 1054,626 1038,615 1025,622 981,605 886,630 851,607 813,626 787,615 770,623 757,619 745,631 723,622 695,642 673,638 650,651 625,646 591,655 546,638 518,654 478,619 461,619 441,638 403,654 390,642 370,647 340,623 297,639 274,638 259,623 223,623 211,634 183,631 159,655 145,643"/>
            </Shape>
            <String ID="line_1e63159e-b5bd-4441-81a2-2c57bb62604e-dummy-Word" HEIGHT="160" WIDTH="1868" HPOS="145" VPOS="495" CONTENT="terland doet, zagen wy eene schoone verzameling vogels die my toch niet">
              <Shape>
                <Polygon POINTS="145,581 152,574 176,582 207,559 246,582 267,563 285,566 319,594 355,559 382,571 409,555 457,555 505,586 534,569 546,578 576,551 586,554 594,547 631,562 649,550 681,550 691,543 718,558 786,566 810,550 885,551 902,535 934,554 952,542 964,550 997,545 1006,551 1032,531 1058,531 1084,546 1098,542 1129,566 1165,545 1175,554 1213,561 1237,539 1258,535 1271,523 1306,523 1332,535 1353,522 1451,550 1479,530 1509,535 1534,515 1559,525 1575,511 1617,507 1634,518 1657,511 1684,526 1707,510 1724,523 1753,519 1785,499 1821,499 1839,511 1860,511 1885,499 1908,504 1933,495 1948,507 1997,507 2013,519 2013,566 1996,579 1970,566 1919,567 1886,590 1871,590 1856,576 1797,586 1778,571 1764,578 1737,571 1697,590 1678,575 1640,575 1632,583 1618,579 1601,587 1545,579 1486,618 1470,614 1449,594 1412,590 1397,603 1385,598 1361,619 1345,622 1316,622 1271,595 1260,602 1236,595 1208,606 1181,596 1160,615 1129,626 1117,618 1097,631 1081,622 1054,626 1038,615 1025,622 981,605 886,630 851,607 813,626 787,615 770,623 757,619 745,631 723,622 695,642 673,638 650,651 625,646 591,655 546,638 518,654 478,619 461,619 441,638 403,654 390,642 370,647 340,623 297,639 274,638 259,623 223,623 211,634 183,631 159,655 145,643"/>
              </Shape>
            </String>
          </TextLine>
          <TextLine ID="line_52b8508c-fedb-4c5d-bd68-4c8e37217a54" HEIGHT="151" WIDTH="1832" HPOS="145" VPOS="567" STYLEREFS="textstyle-None---sans-serif---proportional---None---None---None">
            <Shape>
              <Polygon POINTS="145,643 160,654 183,631 205,638 223,623 258,623 273,638 290,639 340,623 354,637 371,627 408,654 462,619 476,620 518,654 544,638 590,655 622,646 653,651 669,639 696,642 723,622 745,631 757,619 770,623 799,612 813,626 851,607 886,630 981,605 1025,622 1038,615 1054,626 1080,622 1097,631 1117,618 1128,627 1189,595 1204,607 1236,595 1258,603 1271,595 1316,622 1345,622 1361,619 1385,599 1397,603 1409,591 1449,594 1470,614 1486,618 1545,580 1596,588 1640,576 1678,576 1697,591 1737,572 1763,579 1778,572 1797,587 1856,577 1871,591 1885,591 1919,568 1949,567 1965,583 1977,584 1977,629 1966,628 1947,647 1935,641 1881,651 1866,636 1832,632 1797,647 1768,639 1740,655 1699,640 1657,640 1645,651 1627,644 1598,663 1579,651 1544,651 1532,663 1513,660 1484,674 1450,651 1434,659 1413,652 1397,656 1371,679 1333,679 1320,667 1282,687 1254,683 1239,668 1225,675 1217,667 1137,687 1111,669 1088,664 1077,673 1018,671 989,687 956,687 929,672 884,672 867,687 854,687 842,676 815,676 774,695 761,691 748,703 718,687 689,702 678,695 669,701 647,687 600,691 575,683 553,691 546,685 537,691 510,685 487,691 472,683 419,711 404,702 393,711 381,703 357,703 346,712 290,691 215,718 179,698 160,710 145,707"/>
            </Shape>
            <String ID="line_52b8508c-fedb-4c5d-bd68-4c8e37217a54-dummy-Word" HEIGHT="151" WIDTH="1832" HPOS="145" VPOS="567" CONTENT="in de hand viel daar men ons er zoo veel van verhaalt had. Daarna">
              <Shape>
                <Polygon POINTS="145,643 160,654 183,631 205,638 223,623 258,623 273,638 290,639 340,623 354,637 371,627 408,654 462,619 476,620 518,654 544,638 590,655 622,646 653,651 669,639 696,642 723,622 745,631 757,619 770,623 799,612 813,626 851,607 886,630 981,605 1025,622 1038,615 1054,626 1080,622 1097,631 1117,618 1128,627 1189,595 1204,607 1236,595 1258,603 1271,595 1316,622 1345,622 1361,619 1385,599 1397,603 1409,591 1449,594 1470,614 1486,618 1545,580 1596,588 1640,576 1678,576 1697,591 1737,572 1763,579 1778,572 1797,587 1856,577 1871,591 1885,591 1919,568 1949,567 1965,583 1977,584 1977,629 1966,628 1947,647 1935,641 1881,651 1866,636 1832,632 1797,647 1768,639 1740,655 1699,640 1657,640 1645,651 1627,644 1598,663 1579,651 1544,651 1532,663 1513,660 1484,674 1450,651 1434,659 1413,652 1397,656 1371,679 1333,679 1320,667 1282,687 1254,683 1239,668 1225,675 1217,667 1137,687 1111,669 1088,664 1077,673 1018,671 989,687 956,687 929,672 884,672 867,687 854,687 842,676 815,676 774,695 761,691 748,703 718,687 689,702 678,695 669,701 647,687 600,691 575,683 553,691 546,685 537,691 510,685 487,691 472,683 419,711 404,702 393,711 381,703 357,703 346,712 290,691 215,718 179,698 160,710 145,707"/>
              </Shape>
            </String>
          </TextLine>
          <TextLine ID="line_41277be1-c916-48bd-9ff8-318bd5ca23f1" HEIGHT="165" WIDTH="1882" HPOS="143" VPOS="627" STYLEREFS="textstyle-None---sans-serif---proportional---None---None---None">
            <Shape>
              <Polygon POINTS="143,704 158,710 179,698 199,714 215,708 225,715 291,692 329,703 344,715 357,703 414,703 436,687 457,694 472,683 514,693 545,683 552,689 600,683 613,692 647,687 669,700 680,695 691,702 716,686 731,695 751,683 774,694 795,679 808,684 818,675 841,675 854,687 866,687 883,671 929,671 956,686 976,670 1005,679 1036,668 1076,672 1088,663 1139,687 1160,675 1184,679 1211,666 1283,687 1321,667 1336,678 1370,679 1396,655 1413,652 1433,659 1450,651 1484,672 1500,671 1512,659 1530,663 1542,651 1579,651 1597,663 1627,644 1645,651 1656,640 1698,640 1708,647 1714,641 1739,655 1766,639 1797,647 1832,632 1853,639 1865,635 1881,651 1935,641 1946,647 1967,627 1982,635 1999,629 2025,647 2025,693 1990,722 1975,718 1944,737 1901,702 1891,709 1874,702 1840,716 1814,710 1788,726 1761,725 1734,710 1712,729 1688,722 1673,737 1655,737 1632,721 1622,728 1597,718 1547,737 1512,724 1491,739 1474,737 1454,757 1428,756 1382,718 1355,736 1338,722 1263,722 1218,745 1184,737 1158,745 1137,765 1119,765 1089,745 1079,749 1044,737 1016,749 991,739 978,745 957,734 950,741 930,738 907,761 880,749 858,757 820,742 773,765 744,742 715,760 696,746 652,753 526,749 464,770 431,761 393,788 377,791 345,762 320,753 303,764 288,757 242,792 230,784 196,791 150,769 143,773"/>
            </Shape>
            <String ID="line_41277be1-c916-48bd-9ff8-318bd5ca23f1-dummy-Word" HEIGHT="165" WIDTH="1882" HPOS="143" VPOS="627" CONTENT="bezogten wy de benoemde steendrukkery van den Heer André: hier bezigt">
              <Shape>
                <Polygon POINTS="143,704 158,710 179,698 199,714 215,708 225,715 291,692 329,703 344,715 357,703 414,703 436,687 457,694 472,683 514,693 545,683 552,689 600,683 613,692 647,687 669,700 680,695 691,702 716,686 731,695 751,683 774,694 795,679 808,684 818,675 841,675 854,687 866,687 883,671 929,671 956,686 976,670 1005,679 1036,668 1076,672 1088,663 1139,687 1160,675 1184,679 1211,666 1283,687 1321,667 1336,678 1370,679 1396,655 1413,652 1433,659 1450,651 1484,672 1500,671 1512,659 1530,663 1542,651 1579,651 1597,663 1627,644 1645,651 1656,640 1698,640 1708,647 1714,641 1739,655 1766,639 1797,647 1832,632 1853,639 1865,635 1881,651 1935,641 1946,647 1967,627 1982,635 1999,629 2025,647 2025,693 1990,722 1975,718 1944,737 1901,702 1891,709 1874,702 1840,716 1814,710 1788,726 1761,725 1734,710 1712,729 1688,722 1673,737 1655,737 1632,721 1622,728 1597,718 1547,737 1512,724 1491,739 1474,737 1454,757 1428,756 1382,718 1355,736 1338,722 1263,722 1218,745 1184,737 1158,745 1137,765 1119,765 1089,745 1079,749 1044,737 1016,749 991,739 978,745 957,734 950,741 930,738 907,761 880,749 858,757 820,742 773,765 744,742 715,760 696,746 652,753 526,749 464,770 431,761 393,788 377,791 345,762 320,753 303,764 288,757 242,792 230,784 196,791 150,769 143,773"/>
              </Shape>
            </String>
          </TextLine>
          <TextLine ID="line_6bc6d8c2-f4c4-42eb-aa35-25557c0058ec" HEIGHT="174" WIDTH="1878" HPOS="141" VPOS="701" STYLEREFS="textstyle-None---sans-serif---proportional---None---None---None">
            <Shape>
              <Polygon POINTS="141,786 155,790 166,781 183,781 198,790 217,782 241,792 286,757 298,765 334,757 390,789 423,758 433,761 448,750 500,757 588,746 655,757 663,749 735,742 773,766 804,745 838,745 857,757 885,749 906,761 939,734 995,734 1011,746 1074,734 1115,765 1130,766 1169,739 1219,742 1234,732 1268,734 1277,726 1313,722 1370,721 1390,741 1420,726 1455,725 1482,737 1512,722 1542,737 1571,726 1624,729 1632,721 1651,730 1665,723 1678,733 1690,724 1715,729 1727,718 1737,726 1749,718 1791,725 1817,709 1827,717 1873,702 1888,709 1897,701 1945,736 1986,701 2005,706 2019,720 2019,766 2014,760 1997,770 1975,765 1955,780 1941,781 1895,769 1858,800 1816,795 1798,780 1781,787 1772,781 1741,785 1734,792 1666,781 1655,792 1634,784 1620,796 1582,785 1547,811 1516,792 1489,812 1436,807 1422,821 1398,827 1339,792 1300,808 1285,800 1217,796 1196,800 1184,812 1166,804 1142,818 1125,803 1103,800 1062,808 1041,804 1033,812 1021,804 990,804 959,827 942,819 933,823 912,807 885,808 878,815 829,808 817,820 786,812 747,844 711,831 694,847 681,843 664,859 647,858 574,823 540,847 506,855 423,831 366,865 326,840 320,846 305,831 292,831 269,847 256,847 244,836 226,850 219,843 187,847 148,875 141,871"/>
            </Shape>
            <String ID="line_6bc6d8c2-f4c4-42eb-aa35-25557c0058ec-dummy-Word" HEIGHT="174" WIDTH="1878" HPOS="141" VPOS="701" CONTENT="men in 't geheel geene gegotene letters maar bedient zich van eene zoort">
              <Shape>
                <Polygon POINTS="141,786 155,790 166,781 183,781 198,790 217,782 241,792 286,757 298,765 334,757 390,789 423,758 433,761 448,750 500,757 588,746 655,757 663,749 735,742 773,766 804,745 838,745 857,757 885,749 906,761 939,734 995,734 1011,746 1074,734 1115,765 1130,766 1169,739 1219,742 1234,732 1268,734 1277,726 1313,722 1370,721 1390,741 1420,726 1455,725 1482,737 1512,722 1542,737 1571,726 1624,729 1632,721 1651,730 1665,723 1678,733 1690,724 1715,729 1727,718 1737,726 1749,718 1791,725 1817,709 1827,717 1873,702 1888,709 1897,701 1945,736 1986,701 2005,706 2019,720 2019,766 2014,760 1997,770 1975,765 1955,780 1941,781 1895,769 1858,800 1816,795 1798,780 1781,787 1772,781 1741,785 1734,792 1666,781 1655,792 1634,784 1620,796 1582,785 1547,811 1516,792 1489,812 1436,807 1422,821 1398,827 1339,792 1300,808 1285,800 1217,796 1196,800 1184,812 1166,804 1142,818 1125,803 1103,800 1062,808 1041,804 1033,812 1021,804 990,804 959,827 942,819 933,823 912,807 885,808 878,815 829,808 817,820 786,812 747,844 711,831 694,847 681,843 664,859 647,858 574,823 540,847 506,855 423,831 366,865 326,840 320,846 305,831 292,831 269,847 256,847 244,836 226,850 219,843 187,847 148,875 141,871"/>
              </Shape>
            </String>
          </TextLine>
          <TextLine ID="line_2d927ae1-daf8-4ef8-bdb8-1cc225c82a4b" HEIGHT="171" WIDTH="1835" HPOS="139" VPOS="769" STYLEREFS="textstyle-None---sans-serif---proportional---None---None---None">
            <Shape>
              <Polygon POINTS="139,878 145,882 185,848 217,843 226,849 240,836 249,839 280,824 301,831 313,827 345,859 365,865 421,831 508,855 546,844 565,828 589,839 602,836 619,851 633,848 645,859 664,859 679,844 693,847 712,828 746,844 795,808 812,820 828,808 910,808 958,827 989,804 1019,804 1031,812 1062,800 1101,800 1144,816 1156,804 1183,812 1195,800 1255,797 1296,808 1315,793 1340,793 1399,827 1435,805 1447,812 1489,812 1517,793 1530,796 1545,788 1566,796 1581,785 1619,797 1633,784 1659,792 1687,781 1733,797 1765,781 1780,787 1797,777 1833,781 1841,773 1883,781 1897,769 1923,769 1961,800 1974,793 1974,838 1965,832 1947,845 1914,844 1894,860 1837,845 1825,852 1784,845 1754,868 1729,856 1722,860 1711,849 1625,864 1587,853 1559,872 1536,876 1507,900 1456,861 1421,861 1395,885 1363,892 1344,892 1304,868 1256,876 1244,888 1214,869 1179,869 1147,888 1114,876 1098,888 1074,873 1033,880 998,873 981,886 952,880 941,887 919,877 852,908 820,900 802,884 791,892 761,884 749,892 725,888 714,899 665,888 653,900 600,891 577,900 564,888 516,888 480,911 429,888 385,903 372,891 295,892 281,901 272,893 248,912 219,892 200,893 139,940"/>
            </Shape>
            <String ID="line_2d927ae1-daf8-4ef8-bdb8-1cc225c82a4b-dummy-Word" HEIGHT="171" WIDTH="1835" HPOS="139" VPOS="769" CONTENT="van stenen die alleen in Frankenland worden gevonden en waarook">
              <Shape>
                <Polygon POINTS="139,878 145,882 185,848 217,843 226,849 240,836 249,839 280,824 301,831 313,827 345,859 365,865 421,831 508,855 546,844 565,828 589,839 602,836 619,851 633,848 645,859 664,859 679,844 693,847 712,828 746,844 795,808 812,820 828,808 910,808 958,827 989,804 1019,804 1031,812 1062,800 1101,800 1144,816 1156,804 1183,812 1195,800 1255,797 1296,808 1315,793 1340,793 1399,827 1435,805 1447,812 1489,812 1517,793 1530,796 1545,788 1566,796 1581,785 1619,797 1633,784 1659,792 1687,781 1733,797 1765,781 1780,787 1797,777 1833,781 1841,773 1883,781 1897,769 1923,769 1961,800 1974,793 1974,838 1965,832 1947,845 1914,844 1894,860 1837,845 1825,852 1784,845 1754,868 1729,856 1722,860 1711,849 1625,864 1587,853 1559,872 1536,876 1507,900 1456,861 1421,861 1395,885 1363,892 1344,892 1304,868 1256,876 1244,888 1214,869 1179,869 1147,888 1114,876 1098,888 1074,873 1033,880 998,873 981,886 952,880 941,887 919,877 852,908 820,900 802,884 791,892 761,884 749,892 725,888 714,899 665,888 653,900 600,891 577,900 564,888 516,888 480,911 429,888 385,903 372,891 295,892 281,901 272,893 248,912 219,892 200,893 139,940"/>
              </Shape>
            </String>
          </TextLine>
          <TextLine ID="line_3499818a-ac41-4626-8b7b-3443e02df242" HEIGHT="165" WIDTH="1876" HPOS="142" VPOS="845" STYLEREFS="textstyle-None---sans-serif---proportional---None---None---None">
            <Shape>
              <Polygon POINTS="142,937 195,894 208,894 239,914 267,894 290,897 308,890 324,901 341,890 394,890 410,905 446,911 463,901 479,909 518,886 584,886 591,893 629,894 647,902 668,886 718,898 755,886 786,893 815,878 840,892 863,878 877,886 915,878 931,886 982,881 991,874 1047,882 1067,870 1092,885 1114,876 1159,886 1171,874 1211,867 1247,878 1265,873 1289,886 1341,879 1364,893 1387,874 1422,862 1447,881 1471,866 1491,882 1516,874 1531,885 1576,855 1658,862 1692,851 1723,862 1735,854 1756,869 1783,847 1825,851 1841,845 1889,855 1915,873 1965,852 2018,866 2018,912 1978,934 1959,934 1940,918 1908,930 1885,918 1846,946 1817,934 1718,934 1696,923 1679,923 1650,942 1625,927 1598,946 1585,942 1546,958 1521,954 1504,942 1456,950 1438,934 1419,931 1390,946 1370,939 1341,952 1328,942 1274,936 1196,970 1184,970 1156,948 1105,978 1071,966 1038,974 1003,954 981,966 960,962 903,974 864,950 834,970 813,951 799,951 779,968 772,962 757,974 711,970 683,990 633,958 613,958 567,974 558,970 515,998 473,1005 411,966 394,974 375,959 346,959 331,974 291,962 279,974 269,970 251,981 218,982 195,966 150,1010 142,1010"/>
            </Shape>
            <String ID="line_3499818a-ac41-4626-8b7b-3443e02df242-dummy-Word" HEIGHT="165" WIDTH="1876" HPOS="142" VPOS="845" CONTENT="slechts ééne myn is: op deeze glad gepolyste steenen wordt het begeerde,">
              <Shape>
                <Polygon POINTS="142,937 195,894 208,894 239,914 267,894 290,897 308,890 324,901 341,890 394,890 410,905 446,911 463,901 479,909 518,886 584,886 591,893 629,894 647,902 668,886 718,898 755,886 786,893 815,878 840,892 863,878 877,886 915,878 931,886 982,881 991,874 1047,882 1067,870 1092,885 1114,876 1159,886 1171,874 1211,867 1247,878 1265,873 1289,886 1341,879 1364,893 1387,874 1422,862 1447,881 1471,866 1491,882 1516,874 1531,885 1576,855 1658,862 1692,851 1723,862 1735,854 1756,869 1783,847 1825,851 1841,845 1889,855 1915,873 1965,852 2018,866 2018,912 1978,934 1959,934 1940,918 1908,930 1885,918 1846,946 1817,934 1718,934 1696,923 1679,923 1650,942 1625,927 1598,946 1585,942 1546,958 1521,954 1504,942 1456,950 1438,934 1419,931 1390,946 1370,939 1341,952 1328,942 1274,936 1196,970 1184,970 1156,948 1105,978 1071,966 1038,974 1003,954 981,966 960,962 903,974 864,950 834,970 813,951 799,951 779,968 772,962 757,974 711,970 683,990 633,958 613,958 567,974 558,970 515,998 473,1005 411,966 394,974 375,959 346,959 331,974 291,962 279,974 269,970 251,981 218,982 195,966 150,1010 142,1010"/>
              </Shape>
            </String>
          </TextLine>
          <TextLine ID="a39d95a3-633f-46c0-af8b-021abd7e9c29" HEIGHT="158" WIDTH="1864" HPOS="142" VPOS="916" STYLEREFS="textstyle-None---sans-serif---proportional---None---None---None">
            <Shape>
              <Polygon POINTS="142,1009 151,1009 196,965 213,976 226,969 237,980 250,980 264,969 280,972 291,961 363,973 383,961 395,972 428,972 473,1001 498,997 518,978 528,985 563,967 596,968 627,956 683,989 713,968 771,978 800,949 813,949 837,969 864,949 916,976 930,965 986,960 1027,945 1062,968 1098,969 1106,976 1158,945 1185,969 1196,970 1249,948 1275,961 1322,941 1340,949 1365,940 1385,946 1402,933 1437,933 1453,945 1482,935 1491,944 1501,940 1528,952 1542,945 1550,952 1585,941 1599,944 1630,926 1650,941 1680,921 1725,933 1755,933 1769,925 1778,933 1802,932 1815,945 1826,937 1849,948 1885,917 1908,928 1938,916 1957,932 1981,930 2006,940 2006,985 1905,996 1852,1038 1779,1007 1747,1011 1726,1023 1688,1019 1659,1034 1634,1018 1625,1022 1618,1015 1608,1023 1584,1004 1550,999 1518,1000 1483,1022 1453,1005 1439,1018 1418,1010 1373,1015 1334,1003 1292,1038 1271,1027 1249,1038 1219,1011 1178,1011 1119,1043 1098,1034 1084,1038 1065,1019 1055,1019 1014,1054 998,1042 982,1053 969,1046 961,1054 918,1054 887,1023 874,1023 836,1050 799,1046 777,1055 762,1046 719,1062 671,1044 640,1054 620,1043 584,1050 559,1030 547,1039 515,1035 462,1062 439,1062 399,1038 379,1047 357,1038 337,1050 308,1034 286,1050 272,1050 245,1074 232,1074 197,1047 164,1069 142,1062"/>
            </Shape>
            <String ID="a39d95a3-633f-46c0-af8b-021abd7e9c29-dummy-Word" HEIGHT="158" WIDTH="1864" HPOS="142" VPOS="916" CONTENT="het zy tekeningen, letters, of murick, met eene soort van inkt en stalen">
              <Shape>
                <Polygon POINTS="142,1009 151,1009 196,965 213,976 226,969 237,980 250,980 264,969 280,972 291,961 363,973 383,961 395,972 428,972 473,1001 498,997 518,978 528,985 563,967 596,968 627,956 683,989 713,968 771,978 800,949 813,949 837,969 864,949 916,976 930,965 986,960 1027,945 1062,968 1098,969 1106,976 1158,945 1185,969 1196,970 1249,948 1275,961 1322,941 1340,949 1365,940 1385,946 1402,933 1437,933 1453,945 1482,935 1491,944 1501,940 1528,952 1542,945 1550,952 1585,941 1599,944 1630,926 1650,941 1680,921 1725,933 1755,933 1769,925 1778,933 1802,932 1815,945 1826,937 1849,948 1885,917 1908,928 1938,916 1957,932 1981,930 2006,940 2006,985 1905,996 1852,1038 1779,1007 1747,1011 1726,1023 1688,1019 1659,1034 1634,1018 1625,1022 1618,1015 1608,1023 1584,1004 1550,999 1518,1000 1483,1022 1453,1005 1439,1018 1418,1010 1373,1015 1334,1003 1292,1038 1271,1027 1249,1038 1219,1011 1178,1011 1119,1043 1098,1034 1084,1038 1065,1019 1055,1019 1014,1054 998,1042 982,1053 969,1046 961,1054 918,1054 887,1023 874,1023 836,1050 799,1046 777,1055 762,1046 719,1062 671,1044 640,1054 620,1043 584,1050 559,1030 547,1039 515,1035 462,1062 439,1062 399,1038 379,1047 357,1038 337,1050 308,1034 286,1050 272,1050 245,1074 232,1074 197,1047 164,1069 142,1062"/>
              </Shape>
            </String>
          </TextLine>
          <TextLine ID="c3c473f9-b575-4dca-947c-3aa303c1d6ce" HEIGHT="153" WIDTH="1833" HPOS="146" VPOS="990" STYLEREFS="textstyle-None---sans-serif---proportional---None---None---None">
            <Shape>
              <Polygon POINTS="146,1058 164,1069 187,1046 197,1046 232,1074 245,1074 302,1034 324,1037 342,1050 368,1030 392,1030 408,1046 445,1062 489,1053 520,1032 547,1038 556,1030 585,1050 620,1042 641,1053 690,1030 725,1054 750,1054 761,1046 787,1054 799,1045 849,1046 881,1023 917,1054 960,1054 968,1046 980,1053 991,1042 1012,1053 1047,1022 1068,1022 1086,1038 1100,1034 1119,1042 1183,1010 1202,1010 1250,1038 1270,1029 1292,1038 1329,1007 1387,1014 1396,1006 1420,1006 1439,1017 1467,999 1492,1006 1563,999 1580,1014 1603,1010 1624,1022 1634,1018 1666,1027 1695,1018 1716,1026 1767,1006 1786,1014 1814,991 1897,1002 1927,990 1965,998 1979,1010 1979,1055 1964,1061 1940,1057 1928,1068 1898,1076 1878,1076 1856,1061 1841,1076 1823,1080 1814,1073 1795,1088 1752,1062 1726,1077 1714,1068 1674,1078 1661,1069 1630,1075 1622,1069 1590,1075 1570,1069 1548,1088 1518,1081 1494,1104 1475,1100 1458,1108 1442,1093 1411,1108 1392,1092 1362,1116 1348,1108 1328,1119 1297,1100 1283,1100 1275,1108 1234,1103 1201,1124 1181,1123 1140,1089 1118,1098 1108,1092 1089,1100 1061,1093 1008,1103 959,1093 951,1100 935,1097 903,1127 866,1106 847,1114 823,1108 815,1115 798,1104 757,1139 714,1103 644,1143 626,1127 593,1120 545,1128 527,1111 499,1100 451,1100 439,1112 375,1108 336,1118 327,1112 289,1131 276,1120 248,1123 207,1100 190,1104 155,1139 146,1133"/>
            </Shape>
            <String ID="c3c473f9-b575-4dca-947c-3aa303c1d6ce-dummy-Word" HEIGHT="153" WIDTH="1833" HPOS="146" VPOS="990" CONTENT="pennen door kleine jongens geschreven of getekend, waarna men de">
              <Shape>
                <Polygon POINTS="146,1058 164,1069 187,1046 197,1046 232,1074 245,1074 302,1034 324,1037 342,1050 368,1030 392,1030 408,1046 445,1062 489,1053 520,1032 547,1038 556,1030 585,1050 620,1042 641,1053 690,1030 725,1054 750,1054 761,1046 787,1054 799,1045 849,1046 881,1023 917,1054 960,1054 968,1046 980,1053 991,1042 1012,1053 1047,1022 1068,1022 1086,1038 1100,1034 1119,1042 1183,1010 1202,1010 1250,1038 1270,1029 1292,1038 1329,1007 1387,1014 1396,1006 1420,1006 1439,1017 1467,999 1492,1006 1563,999 1580,1014 1603,1010 1624,1022 1634,1018 1666,1027 1695,1018 1716,1026 1767,1006 1786,1014 1814,991 1897,1002 1927,990 1965,998 1979,1010 1979,1055 1964,1061 1940,1057 1928,1068 1898,1076 1878,1076 1856,1061 1841,1076 1823,1080 1814,1073 1795,1088 1752,1062 1726,1077 1714,1068 1674,1078 1661,1069 1630,1075 1622,1069 1590,1075 1570,1069 1548,1088 1518,1081 1494,1104 1475,1100 1458,1108 1442,1093 1411,1108 1392,1092 1362,1116 1348,1108 1328,1119 1297,1100 1283,1100 1275,1108 1234,1103 1201,1124 1181,1123 1140,1089 1118,1098 1108,1092 1089,1100 1061,1093 1008,1103 959,1093 951,1100 935,1097 903,1127 866,1106 847,1114 823,1108 815,1115 798,1104 757,1139 714,1103 644,1143 626,1127 593,1120 545,1128 527,1111 499,1100 451,1100 439,1112 375,1108 336,1118 327,1112 289,1131 276,1120 248,1123 207,1100 190,1104 155,1139 146,1133"/>
              </Shape>
            </String>
          </TextLine>
          <TextLine ID="line_45d79b51-db09-4fd3-aa09-01fd7ba6c6c8" HEIGHT="145" WIDTH="1885" HPOS="139" VPOS="1055" STYLEREFS="textstyle-None---sans-serif---proportional---None---None---None">
            <Shape>
              <Polygon POINTS="139,1138 157,1136 190,1103 208,1100 285,1130 317,1121 345,1099 359,1111 372,1107 388,1115 409,1106 446,1115 463,1110 475,1118 484,1110 518,1107 541,1127 594,1119 625,1126 646,1142 692,1102 713,1102 757,1139 802,1102 812,1111 867,1110 904,1125 936,1095 971,1095 984,1103 996,1095 1037,1107 1061,1091 1099,1103 1141,1087 1180,1122 1202,1123 1234,1102 1276,1107 1287,1098 1328,1118 1348,1107 1359,1114 1390,1094 1409,1110 1435,1100 1459,1111 1473,1102 1494,1106 1522,1086 1572,1071 1606,1071 1620,1082 1633,1071 1668,1071 1685,1079 1697,1067 1750,1063 1782,1090 1813,1074 1887,1074 1903,1059 1943,1055 1970,1070 1993,1058 2024,1081 2024,1127 2015,1133 2005,1126 1970,1126 1948,1141 1935,1137 1919,1145 1894,1165 1849,1142 1832,1149 1824,1141 1809,1145 1766,1134 1733,1149 1695,1141 1665,1149 1656,1141 1621,1138 1592,1160 1569,1152 1518,1157 1503,1172 1486,1168 1453,1187 1418,1158 1405,1168 1383,1165 1362,1149 1341,1156 1324,1149 1298,1165 1279,1164 1215,1184 1167,1157 1152,1165 1125,1157 1104,1172 1079,1172 1066,1161 1037,1176 1019,1168 1006,1180 993,1173 975,1189 949,1173 918,1173 902,1161 869,1176 816,1168 782,1188 752,1172 728,1182 700,1169 690,1176 672,1168 632,1196 582,1173 538,1192 516,1184 500,1197 483,1184 451,1192 424,1172 392,1185 376,1173 323,1197 306,1188 277,1192 242,1169 212,1177 182,1200 153,1184 139,1192"/>
            </Shape>
            <String ID="line_45d79b51-db09-4fd3-aa09-01fd7ba6c6c8-dummy-Word" HEIGHT="145" WIDTH="1885" HPOS="139" VPOS="1055" CONTENT="steen onder de persplaatst met eene soort van compositie besmeert, het">
              <Shape>
                <Polygon POINTS="139,1138 157,1136 190,1103 208,1100 285,1130 317,1121 345,1099 359,1111 372,1107 388,1115 409,1106 446,1115 463,1110 475,1118 484,1110 518,1107 541,1127 594,1119 625,1126 646,1142 692,1102 713,1102 757,1139 802,1102 812,1111 867,1110 904,1125 936,1095 971,1095 984,1103 996,1095 1037,1107 1061,1091 1099,1103 1141,1087 1180,1122 1202,1123 1234,1102 1276,1107 1287,1098 1328,1118 1348,1107 1359,1114 1390,1094 1409,1110 1435,1100 1459,1111 1473,1102 1494,1106 1522,1086 1572,1071 1606,1071 1620,1082 1633,1071 1668,1071 1685,1079 1697,1067 1750,1063 1782,1090 1813,1074 1887,1074 1903,1059 1943,1055 1970,1070 1993,1058 2024,1081 2024,1127 2015,1133 2005,1126 1970,1126 1948,1141 1935,1137 1919,1145 1894,1165 1849,1142 1832,1149 1824,1141 1809,1145 1766,1134 1733,1149 1695,1141 1665,1149 1656,1141 1621,1138 1592,1160 1569,1152 1518,1157 1503,1172 1486,1168 1453,1187 1418,1158 1405,1168 1383,1165 1362,1149 1341,1156 1324,1149 1298,1165 1279,1164 1215,1184 1167,1157 1152,1165 1125,1157 1104,1172 1079,1172 1066,1161 1037,1176 1019,1168 1006,1180 993,1173 975,1189 949,1173 918,1173 902,1161 869,1176 816,1168 782,1188 752,1172 728,1182 700,1169 690,1176 672,1168 632,1196 582,1173 538,1192 516,1184 500,1197 483,1184 451,1192 424,1172 392,1185 376,1173 323,1197 306,1188 277,1192 242,1169 212,1177 182,1200 153,1184 139,1192"/>
              </Shape>
            </String>
          </TextLine>
          <TextLine ID="line_51b4c9a0-5ee4-482c-9f9a-485dd121e411" HEIGHT="140" WIDTH="1865" HPOS="139" VPOS="1138" STYLEREFS="textstyle-None---sans-serif---proportional---None---None---None">
            <Shape>
              <Polygon POINTS="139,1193 153,1185 165,1197 184,1198 230,1170 293,1193 336,1170 397,1181 425,1171 448,1185 484,1184 496,1196 531,1181 549,1197 603,1181 631,1197 666,1169 682,1169 690,1177 700,1170 720,1182 755,1172 777,1186 824,1169 860,1189 880,1170 902,1162 915,1173 940,1177 995,1162 1031,1177 1066,1162 1104,1173 1127,1157 1141,1166 1167,1158 1204,1181 1232,1182 1291,1165 1302,1154 1350,1149 1405,1169 1424,1161 1455,1186 1486,1169 1504,1173 1521,1157 1547,1158 1567,1142 1598,1157 1633,1141 1649,1152 1664,1141 1673,1149 1694,1141 1727,1150 1754,1138 1782,1153 1796,1141 1825,1142 1832,1149 1852,1142 1891,1165 1930,1140 1936,1146 1950,1141 1967,1153 1989,1138 2004,1153 2004,1199 1946,1216 1930,1201 1918,1212 1907,1205 1853,1202 1823,1213 1811,1202 1714,1233 1654,1206 1623,1206 1604,1221 1587,1215 1562,1226 1540,1245 1507,1233 1487,1250 1451,1226 1442,1235 1287,1221 1254,1230 1216,1257 1211,1253 1178,1269 1120,1253 1103,1237 1051,1234 997,1273 962,1238 876,1237 844,1253 831,1245 814,1254 782,1234 756,1238 733,1261 712,1249 670,1274 645,1269 633,1258 623,1261 588,1238 556,1254 529,1254 508,1273 432,1245 386,1245 377,1254 364,1245 291,1278 277,1277 260,1262 240,1277 215,1277 198,1261 165,1261 139,1242"/>
            </Shape>
            <String ID="line_51b4c9a0-5ee4-482c-9f9a-485dd121e411-dummy-Word" HEIGHT="140" WIDTH="1865" HPOS="139" VPOS="1138" CONTENT="vel papier er oplegt, en voorts op de gewone wyze drukt: deeze">
              <Shape>
                <Polygon POINTS="139,1193 153,1185 165,1197 184,1198 230,1170 293,1193 336,1170 397,1181 425,1171 448,1185 484,1184 496,1196 531,1181 549,1197 603,1181 631,1197 666,1169 682,1169 690,1177 700,1170 720,1182 755,1172 777,1186 824,1169 860,1189 880,1170 902,1162 915,1173 940,1177 995,1162 1031,1177 1066,1162 1104,1173 1127,1157 1141,1166 1167,1158 1204,1181 1232,1182 1291,1165 1302,1154 1350,1149 1405,1169 1424,1161 1455,1186 1486,1169 1504,1173 1521,1157 1547,1158 1567,1142 1598,1157 1633,1141 1649,1152 1664,1141 1673,1149 1694,1141 1727,1150 1754,1138 1782,1153 1796,1141 1825,1142 1832,1149 1852,1142 1891,1165 1930,1140 1936,1146 1950,1141 1967,1153 1989,1138 2004,1153 2004,1199 1946,1216 1930,1201 1918,1212 1907,1205 1853,1202 1823,1213 1811,1202 1714,1233 1654,1206 1623,1206 1604,1221 1587,1215 1562,1226 1540,1245 1507,1233 1487,1250 1451,1226 1442,1235 1287,1221 1254,1230 1216,1257 1211,1253 1178,1269 1120,1253 1103,1237 1051,1234 997,1273 962,1238 876,1237 844,1253 831,1245 814,1254 782,1234 756,1238 733,1261 712,1249 670,1274 645,1269 633,1258 623,1261 588,1238 556,1254 529,1254 508,1273 432,1245 386,1245 377,1254 364,1245 291,1278 277,1277 260,1262 240,1277 215,1277 198,1261 165,1261 139,1242"/>
              </Shape>
            </String>
          </TextLine>
          <TextLine ID="line_332ff25b-9732-4632-b97a-46d9e2b9d4cf" HEIGHT="142" WIDTH="1879" HPOS="135" VPOS="1204" STYLEREFS="textstyle-None---sans-serif---proportional---None---None---None">
            <Shape>
              <Polygon POINTS="135,1251 165,1246 214,1278 233,1278 254,1263 295,1273 313,1270 342,1247 365,1247 376,1255 389,1246 409,1251 419,1242 433,1243 449,1258 465,1254 480,1266 493,1262 508,1274 529,1255 553,1255 602,1239 629,1266 671,1274 713,1247 736,1262 769,1236 805,1248 824,1235 844,1251 876,1238 888,1243 901,1231 930,1231 937,1238 961,1237 1003,1274 1033,1247 1056,1250 1073,1235 1089,1238 1100,1229 1140,1262 1177,1270 1191,1259 1208,1262 1253,1231 1278,1231 1286,1223 1300,1229 1316,1223 1348,1239 1386,1219 1402,1231 1425,1231 1459,1216 1492,1235 1506,1231 1522,1243 1544,1243 1584,1215 1603,1223 1622,1208 1650,1208 1678,1223 1706,1208 1717,1213 1732,1207 1752,1219 1773,1212 1787,1219 1809,1204 1857,1212 1876,1207 1885,1215 1906,1208 1953,1238 1966,1238 1990,1219 2014,1219 2014,1265 1987,1264 1952,1287 1929,1273 1903,1295 1893,1292 1886,1299 1857,1284 1816,1316 1756,1283 1723,1303 1710,1296 1683,1311 1660,1306 1641,1319 1606,1291 1560,1291 1545,1303 1532,1298 1509,1312 1496,1303 1490,1307 1473,1291 1417,1285 1397,1296 1340,1295 1333,1288 1304,1288 1297,1295 1289,1288 1272,1295 1254,1292 1224,1311 1201,1307 1168,1318 1149,1315 1128,1299 1088,1307 1072,1301 1046,1323 1015,1315 1007,1323 993,1319 978,1334 954,1331 904,1303 888,1308 871,1300 807,1342 758,1315 713,1322 652,1307 601,1311 593,1319 571,1311 555,1323 548,1317 527,1323 517,1315 502,1327 486,1319 456,1341 406,1315 385,1323 365,1315 345,1324 322,1315 297,1333 280,1320 273,1324 253,1315 209,1346 165,1334 146,1339 135,1331"/>
            </Shape>
            <String ID="line_332ff25b-9732-4632-b97a-46d9e2b9d4cf-dummy-Word" HEIGHT="142" WIDTH="1879" HPOS="135" VPOS="1204" CONTENT="compositie heeft alleen vat op het geschrevene hetwelk het op het papier">
              <Shape>
                <Polygon POINTS="135,1251 165,1246 214,1278 233,1278 254,1263 295,1273 313,1270 342,1247 365,1247 376,1255 389,1246 409,1251 419,1242 433,1243 449,1258 465,1254 480,1266 493,1262 508,1274 529,1255 553,1255 602,1239 629,1266 671,1274 713,1247 736,1262 769,1236 805,1248 824,1235 844,1251 876,1238 888,1243 901,1231 930,1231 937,1238 961,1237 1003,1274 1033,1247 1056,1250 1073,1235 1089,1238 1100,1229 1140,1262 1177,1270 1191,1259 1208,1262 1253,1231 1278,1231 1286,1223 1300,1229 1316,1223 1348,1239 1386,1219 1402,1231 1425,1231 1459,1216 1492,1235 1506,1231 1522,1243 1544,1243 1584,1215 1603,1223 1622,1208 1650,1208 1678,1223 1706,1208 1717,1213 1732,1207 1752,1219 1773,1212 1787,1219 1809,1204 1857,1212 1876,1207 1885,1215 1906,1208 1953,1238 1966,1238 1990,1219 2014,1219 2014,1265 1987,1264 1952,1287 1929,1273 1903,1295 1893,1292 1886,1299 1857,1284 1816,1316 1756,1283 1723,1303 1710,1296 1683,1311 1660,1306 1641,1319 1606,1291 1560,1291 1545,1303 1532,1298 1509,1312 1496,1303 1490,1307 1473,1291 1417,1285 1397,1296 1340,1295 1333,1288 1304,1288 1297,1295 1289,1288 1272,1295 1254,1292 1224,1311 1201,1307 1168,1318 1149,1315 1128,1299 1088,1307 1072,1301 1046,1323 1015,1315 1007,1323 993,1319 978,1334 954,1331 904,1303 888,1308 871,1300 807,1342 758,1315 713,1322 652,1307 601,1311 593,1319 571,1311 555,1323 548,1317 527,1323 517,1315 502,1327 486,1319 456,1341 406,1315 385,1323 365,1315 345,1324 322,1315 297,1333 280,1320 273,1324 253,1315 209,1346 165,1334 146,1339 135,1331"/>
              </Shape>
            </String>
          </TextLine>
          <TextLine ID="line_89d280cf-f7eb-4dce-a431-1ca5e00437b6" HEIGHT="156" WIDTH="1846" HPOS="135" VPOS="1282" STYLEREFS="textstyle-None---sans-serif---proportional---None---None---None">
            <Shape>
              <Polygon POINTS="135,1342 213,1343 236,1333 244,1341 275,1346 322,1314 350,1329 359,1322 371,1333 406,1314 457,1342 474,1326 515,1334 527,1322 564,1318 572,1310 584,1318 599,1312 616,1320 633,1306 672,1306 693,1323 707,1310 735,1322 769,1318 810,1342 872,1298 887,1310 901,1302 941,1341 958,1330 979,1334 995,1318 1035,1326 1084,1297 1133,1302 1173,1318 1199,1302 1227,1310 1244,1294 1268,1303 1323,1286 1359,1302 1380,1293 1400,1298 1424,1286 1456,1295 1468,1286 1503,1313 1559,1294 1615,1318 1655,1301 1680,1313 1702,1294 1711,1302 1746,1282 1761,1282 1796,1314 1812,1318 1843,1298 1875,1304 1895,1291 1907,1302 1981,1297 1981,1344 1968,1357 1918,1345 1894,1357 1877,1349 1855,1353 1831,1377 1813,1376 1788,1357 1774,1365 1759,1357 1731,1357 1689,1384 1665,1372 1634,1381 1595,1370 1575,1376 1546,1353 1520,1353 1503,1363 1485,1357 1466,1372 1412,1357 1368,1388 1345,1373 1320,1388 1279,1384 1272,1377 1240,1388 1205,1388 1165,1365 1130,1376 1117,1365 1104,1365 1061,1388 1038,1368 1014,1369 974,1388 955,1376 942,1384 925,1369 908,1380 892,1372 877,1384 863,1376 849,1388 831,1391 818,1384 783,1396 745,1384 709,1408 685,1396 669,1412 641,1415 615,1400 604,1407 593,1396 556,1412 528,1396 517,1402 485,1385 432,1407 412,1390 392,1386 296,1399 272,1384 220,1392 200,1412 177,1412 151,1438 135,1434"/>
            </Shape>
            <String ID="line_89d280cf-f7eb-4dce-a431-1ca5e00437b6-dummy-Word" HEIGHT="156" WIDTH="1846" HPOS="135" VPOS="1282" CONTENT="afdrukt al het overige zeer zuiver houdende: op deeze wyze kan men">
              <Shape>
                <Polygon POINTS="135,1342 213,1343 236,1333 244,1341 275,1346 322,1314 350,1329 359,1322 371,1333 406,1314 457,1342 474,1326 515,1334 527,1322 564,1318 572,1310 584,1318 599,1312 616,1320 633,1306 672,1306 693,1323 707,1310 735,1322 769,1318 810,1342 872,1298 887,1310 901,1302 941,1341 958,1330 979,1334 995,1318 1035,1326 1084,1297 1133,1302 1173,1318 1199,1302 1227,1310 1244,1294 1268,1303 1323,1286 1359,1302 1380,1293 1400,1298 1424,1286 1456,1295 1468,1286 1503,1313 1559,1294 1615,1318 1655,1301 1680,1313 1702,1294 1711,1302 1746,1282 1761,1282 1796,1314 1812,1318 1843,1298 1875,1304 1895,1291 1907,1302 1981,1297 1981,1344 1968,1357 1918,1345 1894,1357 1877,1349 1855,1353 1831,1377 1813,1376 1788,1357 1774,1365 1759,1357 1731,1357 1689,1384 1665,1372 1634,1381 1595,1370 1575,1376 1546,1353 1520,1353 1503,1363 1485,1357 1466,1372 1412,1357 1368,1388 1345,1373 1320,1388 1279,1384 1272,1377 1240,1388 1205,1388 1165,1365 1130,1376 1117,1365 1104,1365 1061,1388 1038,1368 1014,1369 974,1388 955,1376 942,1384 925,1369 908,1380 892,1372 877,1384 863,1376 849,1388 831,1391 818,1384 783,1396 745,1384 709,1408 685,1396 669,1412 641,1415 615,1400 604,1407 593,1396 556,1412 528,1396 517,1402 485,1385 432,1407 412,1390 392,1386 296,1399 272,1384 220,1392 200,1412 177,1412 151,1438 135,1434"/>
              </Shape>
            </String>
          </TextLine>
          <TextLine ID="line_7cc1812e-c6b7-4c86-935e-590fc1555868" HEIGHT="155" WIDTH="1866" HPOS="141" VPOS="1343" STYLEREFS="textstyle-None---sans-serif---proportional---None---None---None">
            <Shape>
              <Polygon POINTS="141,1426 158,1420 163,1425 187,1404 199,1414 223,1391 243,1390 262,1390 286,1406 322,1390 345,1398 362,1387 379,1394 404,1387 435,1407 441,1401 451,1406 486,1385 528,1414 538,1406 555,1414 590,1395 623,1410 642,1414 651,1406 665,1414 683,1406 720,1406 743,1386 780,1398 839,1374 875,1386 890,1372 914,1386 921,1379 945,1383 967,1371 1009,1374 1016,1367 1038,1367 1053,1382 1093,1375 1102,1366 1115,1366 1127,1378 1164,1367 1216,1390 1247,1382 1288,1383 1299,1390 1308,1382 1334,1383 1343,1374 1367,1386 1386,1367 1409,1359 1462,1370 1477,1359 1498,1368 1507,1359 1534,1354 1562,1377 1590,1363 1607,1378 1635,1367 1666,1382 1690,1383 1714,1367 1739,1367 1759,1350 1778,1347 1805,1353 1833,1343 1875,1343 1896,1355 1917,1346 1929,1358 1944,1353 1969,1362 2007,1355 2007,1401 2001,1407 1977,1406 1966,1415 1956,1410 1941,1423 1893,1414 1860,1435 1833,1419 1788,1437 1734,1423 1712,1438 1694,1435 1666,1458 1647,1446 1616,1451 1576,1427 1560,1426 1532,1439 1501,1419 1478,1427 1455,1450 1434,1450 1422,1462 1390,1458 1370,1443 1359,1447 1338,1430 1283,1446 1254,1441 1226,1466 1177,1455 1165,1443 1133,1462 1118,1462 1079,1443 1070,1451 1047,1451 1004,1439 971,1439 937,1454 925,1454 914,1443 888,1462 863,1462 840,1443 819,1458 777,1454 768,1446 741,1447 733,1455 681,1454 674,1447 638,1464 615,1450 575,1451 557,1467 529,1459 512,1471 435,1463 412,1486 372,1474 354,1479 335,1461 295,1467 273,1486 259,1474 246,1478 229,1467 207,1467 156,1498 141,1487"/>
            </Shape>
            <String ID="line_7cc1812e-c6b7-4c86-935e-590fc1555868-dummy-Word" HEIGHT="155" WIDTH="1866" HPOS="141" VPOS="1343" CONTENT="10000 exemplaren van eene steen trekken ja zelfs had men eens 20000">
              <Shape>
                <Polygon POINTS="141,1426 158,1420 163,1425 187,1404 199,1414 223,1391 243,1390 262,1390 286,1406 322,1390 345,1398 362,1387 379,1394 404,1387 435,1407 441,1401 451,1406 486,1385 528,1414 538,1406 555,1414 590,1395 623,1410 642,1414 651,1406 665,1414 683,1406 720,1406 743,1386 780,1398 839,1374 875,1386 890,1372 914,1386 921,1379 945,1383 967,1371 1009,1374 1016,1367 1038,1367 1053,1382 1093,1375 1102,1366 1115,1366 1127,1378 1164,1367 1216,1390 1247,1382 1288,1383 1299,1390 1308,1382 1334,1383 1343,1374 1367,1386 1386,1367 1409,1359 1462,1370 1477,1359 1498,1368 1507,1359 1534,1354 1562,1377 1590,1363 1607,1378 1635,1367 1666,1382 1690,1383 1714,1367 1739,1367 1759,1350 1778,1347 1805,1353 1833,1343 1875,1343 1896,1355 1917,1346 1929,1358 1944,1353 1969,1362 2007,1355 2007,1401 2001,1407 1977,1406 1966,1415 1956,1410 1941,1423 1893,1414 1860,1435 1833,1419 1788,1437 1734,1423 1712,1438 1694,1435 1666,1458 1647,1446 1616,1451 1576,1427 1560,1426 1532,1439 1501,1419 1478,1427 1455,1450 1434,1450 1422,1462 1390,1458 1370,1443 1359,1447 1338,1430 1283,1446 1254,1441 1226,1466 1177,1455 1165,1443 1133,1462 1118,1462 1079,1443 1070,1451 1047,1451 1004,1439 971,1439 937,1454 925,1454 914,1443 888,1462 863,1462 840,1443 819,1458 777,1454 768,1446 741,1447 733,1455 681,1454 674,1447 638,1464 615,1450 575,1451 557,1467 529,1459 512,1471 435,1463 412,1486 372,1474 354,1479 335,1461 295,1467 273,1486 259,1474 246,1478 229,1467 207,1467 156,1498 141,1487"/>
              </Shape>
            </String>
          </TextLine>
          <TextLine ID="e7ed55e5-d89a-406a-81a7-e2bf3491717c" HEIGHT="151" WIDTH="1876" HPOS="136" VPOS="1414" STYLEREFS="textstyle-None---sans-serif---proportional---None---None---None">
            <Shape>
              <Polygon POINTS="136,1500 143,1493 155,1501 208,1467 214,1473 235,1470 243,1478 257,1473 270,1485 313,1465 338,1478 403,1477 414,1485 449,1462 483,1478 528,1458 553,1469 581,1450 603,1450 611,1458 622,1454 639,1462 673,1446 685,1453 732,1454 744,1446 758,1454 786,1457 794,1450 822,1457 844,1445 881,1462 915,1443 936,1454 948,1442 977,1449 988,1438 1005,1438 1016,1449 1046,1450 1052,1444 1070,1453 1079,1445 1128,1462 1161,1446 1169,1454 1206,1457 1233,1469 1267,1446 1339,1428 1357,1446 1371,1444 1404,1461 1417,1450 1427,1457 1434,1450 1459,1451 1496,1422 1527,1438 1554,1422 1575,1430 1642,1418 1657,1430 1674,1418 1719,1422 1726,1415 1744,1430 1769,1426 1790,1436 1823,1430 1834,1420 1859,1434 1895,1414 1924,1426 1945,1422 1976,1438 2005,1422 2012,1426 2012,1472 1979,1478 1962,1494 1946,1494 1930,1479 1923,1486 1902,1479 1884,1486 1874,1476 1834,1483 1811,1498 1794,1486 1774,1486 1751,1501 1718,1492 1703,1501 1691,1490 1650,1490 1620,1510 1579,1494 1550,1509 1522,1498 1497,1518 1475,1518 1467,1526 1401,1526 1393,1518 1375,1518 1356,1530 1320,1506 1254,1511 1244,1503 1208,1499 1185,1503 1148,1526 1116,1514 1098,1530 1068,1538 1039,1518 1026,1518 1008,1534 971,1515 951,1522 934,1514 884,1542 861,1534 841,1514 823,1526 801,1515 792,1522 766,1515 748,1526 729,1518 696,1522 673,1530 653,1550 601,1549 593,1542 575,1558 549,1557 533,1542 517,1542 501,1530 480,1534 452,1558 431,1549 410,1565 398,1565 361,1546 343,1554 290,1546 273,1554 251,1534 207,1546 166,1534 154,1522 136,1525"/>
            </Shape>
            <String ID="e7ed55e5-d89a-406a-81a7-e2bf3491717c-dummy-Word" HEIGHT="151" WIDTH="1876" HPOS="136" VPOS="1414" CONTENT="van eéne plaat getrokken: de N=r, die ons dit zien liet, was voornemen">
              <Shape>
                <Polygon POINTS="136,1500 143,1493 155,1501 208,1467 214,1473 235,1470 243,1478 257,1473 270,1485 313,1465 338,1478 403,1477 414,1485 449,1462 483,1478 528,1458 553,1469 581,1450 603,1450 611,1458 622,1454 639,1462 673,1446 685,1453 732,1454 744,1446 758,1454 786,1457 794,1450 822,1457 844,1445 881,1462 915,1443 936,1454 948,1442 977,1449 988,1438 1005,1438 1016,1449 1046,1450 1052,1444 1070,1453 1079,1445 1128,1462 1161,1446 1169,1454 1206,1457 1233,1469 1267,1446 1339,1428 1357,1446 1371,1444 1404,1461 1417,1450 1427,1457 1434,1450 1459,1451 1496,1422 1527,1438 1554,1422 1575,1430 1642,1418 1657,1430 1674,1418 1719,1422 1726,1415 1744,1430 1769,1426 1790,1436 1823,1430 1834,1420 1859,1434 1895,1414 1924,1426 1945,1422 1976,1438 2005,1422 2012,1426 2012,1472 1979,1478 1962,1494 1946,1494 1930,1479 1923,1486 1902,1479 1884,1486 1874,1476 1834,1483 1811,1498 1794,1486 1774,1486 1751,1501 1718,1492 1703,1501 1691,1490 1650,1490 1620,1510 1579,1494 1550,1509 1522,1498 1497,1518 1475,1518 1467,1526 1401,1526 1393,1518 1375,1518 1356,1530 1320,1506 1254,1511 1244,1503 1208,1499 1185,1503 1148,1526 1116,1514 1098,1530 1068,1538 1039,1518 1026,1518 1008,1534 971,1515 951,1522 934,1514 884,1542 861,1534 841,1514 823,1526 801,1515 792,1522 766,1515 748,1526 729,1518 696,1522 673,1530 653,1550 601,1549 593,1542 575,1558 549,1557 533,1542 517,1542 501,1530 480,1534 452,1558 431,1549 410,1565 398,1565 361,1546 343,1554 290,1546 273,1554 251,1534 207,1546 166,1534 154,1522 136,1525"/>
              </Shape>
            </String>
          </TextLine>
          <TextLine ID="dd997155-3c37-4044-9a0f-3e099eb4f6f7" HEIGHT="156" WIDTH="1898" HPOS="136" VPOS="1475" STYLEREFS="textstyle-None---sans-serif---proportional---None---None---None">
            <Shape>
              <Polygon POINTS="136,1523 156,1523 181,1539 208,1536 225,1546 270,1523 302,1523 327,1547 334,1540 377,1551 406,1531 432,1539 451,1530 501,1531 516,1546 532,1541 546,1555 573,1559 593,1543 627,1550 640,1542 654,1549 673,1530 697,1523 712,1527 726,1518 745,1527 757,1520 772,1527 790,1515 814,1519 823,1511 931,1515 942,1526 980,1519 1009,1531 1031,1515 1098,1531 1120,1514 1148,1526 1187,1502 1229,1523 1262,1507 1314,1510 1335,1503 1355,1519 1369,1510 1383,1523 1393,1519 1400,1526 1416,1515 1433,1526 1467,1527 1529,1501 1549,1508 1581,1492 1613,1510 1641,1491 1677,1484 1738,1498 1753,1483 1801,1486 1818,1495 1851,1475 1875,1475 1886,1486 1908,1476 1921,1484 1933,1478 1959,1494 1988,1478 2028,1501 2034,1494 2034,1540 2022,1550 1974,1549 1963,1542 1937,1550 1871,1550 1844,1567 1834,1557 1824,1565 1813,1561 1792,1581 1742,1550 1722,1550 1693,1573 1662,1580 1628,1561 1601,1573 1585,1570 1527,1596 1506,1596 1493,1587 1468,1600 1445,1596 1417,1572 1393,1584 1384,1577 1369,1592 1345,1600 1249,1573 1241,1581 1215,1581 1179,1604 1159,1597 1134,1604 1113,1588 1080,1600 1042,1577 1025,1589 983,1589 974,1581 881,1584 838,1604 822,1594 809,1600 738,1585 709,1599 691,1592 652,1592 640,1600 625,1592 607,1600 600,1596 572,1620 533,1601 506,1624 478,1620 464,1631 451,1620 424,1626 389,1597 361,1597 324,1616 294,1620 277,1603 245,1596 232,1604 220,1596 198,1597 185,1608 151,1593 136,1596"/>
            </Shape>
            <String ID="dd997155-3c37-4044-9a0f-3e099eb4f6f7-dummy-Word" HEIGHT="156" WIDTH="1898" HPOS="136" VPOS="1475" CONTENT="met 14 dagen naar Amsterdam te vertrekken om zich aldaar te sta">
              <Shape>
                <Polygon POINTS="136,1523 156,1523 181,1539 208,1536 225,1546 270,1523 302,1523 327,1547 334,1540 377,1551 406,1531 432,1539 451,1530 501,1531 516,1546 532,1541 546,1555 573,1559 593,1543 627,1550 640,1542 654,1549 673,1530 697,1523 712,1527 726,1518 745,1527 757,1520 772,1527 790,1515 814,1519 823,1511 931,1515 942,1526 980,1519 1009,1531 1031,1515 1098,1531 1120,1514 1148,1526 1187,1502 1229,1523 1262,1507 1314,1510 1335,1503 1355,1519 1369,1510 1383,1523 1393,1519 1400,1526 1416,1515 1433,1526 1467,1527 1529,1501 1549,1508 1581,1492 1613,1510 1641,1491 1677,1484 1738,1498 1753,1483 1801,1486 1818,1495 1851,1475 1875,1475 1886,1486 1908,1476 1921,1484 1933,1478 1959,1494 1988,1478 2028,1501 2034,1494 2034,1540 2022,1550 1974,1549 1963,1542 1937,1550 1871,1550 1844,1567 1834,1557 1824,1565 1813,1561 1792,1581 1742,1550 1722,1550 1693,1573 1662,1580 1628,1561 1601,1573 1585,1570 1527,1596 1506,1596 1493,1587 1468,1600 1445,1596 1417,1572 1393,1584 1384,1577 1369,1592 1345,1600 1249,1573 1241,1581 1215,1581 1179,1604 1159,1597 1134,1604 1113,1588 1080,1600 1042,1577 1025,1589 983,1589 974,1581 881,1584 838,1604 822,1594 809,1600 738,1585 709,1599 691,1592 652,1592 640,1600 625,1592 607,1600 600,1596 572,1620 533,1601 506,1624 478,1620 464,1631 451,1620 424,1626 389,1597 361,1597 324,1616 294,1620 277,1603 245,1596 232,1604 220,1596 198,1597 185,1608 151,1593 136,1596"/>
              </Shape>
            </String>
          </TextLine>
          <TextLine ID="eddb6f9f-70ff-4fcd-a0c2-cbcf33dd37c5" HEIGHT="175" WIDTH="1870" HPOS="139" VPOS="1543" STYLEREFS="textstyle-None---sans-serif---proportional---None---None---None">
            <Shape>
              <Polygon POINTS="139,1592 173,1606 205,1594 277,1594 300,1606 384,1598 428,1622 466,1598 480,1602 505,1594 531,1593 567,1610 592,1605 600,1612 622,1594 645,1598 653,1590 662,1597 694,1590 716,1598 739,1586 811,1598 841,1582 881,1582 892,1590 917,1582 958,1586 977,1578 992,1589 1017,1593 1037,1578 1099,1582 1116,1585 1141,1606 1160,1597 1177,1606 1210,1582 1255,1586 1270,1578 1314,1582 1328,1575 1347,1586 1370,1574 1380,1581 1411,1566 1455,1582 1477,1574 1509,1597 1516,1590 1539,1594 1561,1586 1583,1570 1601,1574 1620,1566 1636,1574 1662,1558 1698,1574 1721,1551 1741,1551 1757,1562 1775,1555 1799,1574 1812,1562 1861,1558 1878,1543 1903,1550 1916,1546 1937,1558 1950,1550 1975,1570 2009,1576 2009,1622 1994,1637 1982,1640 1952,1629 1920,1633 1892,1621 1868,1641 1819,1633 1796,1653 1754,1641 1728,1622 1716,1633 1680,1629 1662,1639 1655,1632 1615,1637 1601,1651 1512,1629 1492,1648 1476,1641 1447,1648 1423,1639 1384,1653 1360,1645 1344,1660 1322,1644 1254,1637 1240,1647 1222,1641 1210,1653 1190,1652 1161,1664 1152,1656 1109,1656 1092,1668 1054,1668 1045,1676 1019,1676 1012,1669 1006,1675 991,1660 969,1653 927,1668 913,1660 879,1664 872,1657 865,1663 847,1657 836,1668 820,1661 800,1668 786,1657 753,1665 709,1657 693,1668 678,1661 651,1661 644,1668 622,1661 590,1684 557,1676 536,1680 521,1672 508,1684 493,1670 458,1692 409,1702 388,1687 328,1688 284,1715 266,1718 223,1715 203,1707 180,1684 139,1699"/>
            </Shape>
            <String ID="eddb6f9f-70ff-4fcd-a0c2-cbcf33dd37c5-dummy-Word" HEIGHT="175" WIDTH="1870" HPOS="139" VPOS="1543" CONTENT="blisseren hopende met het drukken van circulaires voor kooplieden,">
              <Shape>
                <Polygon POINTS="139,1592 173,1606 205,1594 277,1594 300,1606 384,1598 428,1622 466,1598 480,1602 505,1594 531,1593 567,1610 592,1605 600,1612 622,1594 645,1598 653,1590 662,1597 694,1590 716,1598 739,1586 811,1598 841,1582 881,1582 892,1590 917,1582 958,1586 977,1578 992,1589 1017,1593 1037,1578 1099,1582 1116,1585 1141,1606 1160,1597 1177,1606 1210,1582 1255,1586 1270,1578 1314,1582 1328,1575 1347,1586 1370,1574 1380,1581 1411,1566 1455,1582 1477,1574 1509,1597 1516,1590 1539,1594 1561,1586 1583,1570 1601,1574 1620,1566 1636,1574 1662,1558 1698,1574 1721,1551 1741,1551 1757,1562 1775,1555 1799,1574 1812,1562 1861,1558 1878,1543 1903,1550 1916,1546 1937,1558 1950,1550 1975,1570 2009,1576 2009,1622 1994,1637 1982,1640 1952,1629 1920,1633 1892,1621 1868,1641 1819,1633 1796,1653 1754,1641 1728,1622 1716,1633 1680,1629 1662,1639 1655,1632 1615,1637 1601,1651 1512,1629 1492,1648 1476,1641 1447,1648 1423,1639 1384,1653 1360,1645 1344,1660 1322,1644 1254,1637 1240,1647 1222,1641 1210,1653 1190,1652 1161,1664 1152,1656 1109,1656 1092,1668 1054,1668 1045,1676 1019,1676 1012,1669 1006,1675 991,1660 969,1653 927,1668 913,1660 879,1664 872,1657 865,1663 847,1657 836,1668 820,1661 800,1668 786,1657 753,1665 709,1657 693,1668 678,1661 651,1661 644,1668 622,1661 590,1684 557,1676 536,1680 521,1672 508,1684 493,1670 458,1692 409,1702 388,1687 328,1688 284,1715 266,1718 223,1715 203,1707 180,1684 139,1699"/>
              </Shape>
            </String>
          </TextLine>
          <TextLine ID="line_0f8f46bc-a6a1-45bd-92f7-3ffc08dd8fcc" HEIGHT="179" WIDTH="1885" HPOS="133" VPOS="1619" STYLEREFS="textstyle-None---sans-serif---proportional---None---None---None">
            <Shape>
              <Polygon POINTS="133,1655 147,1658 231,1719 241,1709 282,1717 314,1698 338,1707 366,1686 391,1688 407,1701 439,1686 453,1697 474,1678 508,1669 518,1677 559,1677 597,1694 616,1693 629,1705 652,1682 662,1687 679,1677 698,1686 717,1682 754,1697 781,1693 790,1699 874,1660 915,1658 926,1668 950,1647 990,1661 1009,1680 1017,1673 1038,1678 1054,1670 1085,1670 1125,1646 1137,1654 1150,1646 1174,1661 1197,1648 1211,1654 1223,1642 1249,1646 1256,1639 1277,1639 1284,1646 1306,1642 1341,1661 1359,1646 1374,1650 1389,1637 1406,1646 1420,1638 1428,1646 1456,1647 1467,1658 1476,1654 1488,1665 1524,1634 1592,1657 1616,1638 1647,1638 1664,1630 1677,1638 1688,1630 1732,1634 1749,1646 1762,1642 1792,1650 1833,1623 1869,1639 1889,1619 1920,1634 1953,1631 1981,1642 2018,1643 2018,1688 1980,1706 1935,1699 1906,1726 1894,1726 1878,1710 1868,1714 1852,1698 1833,1706 1818,1695 1782,1710 1770,1706 1749,1723 1723,1707 1713,1714 1701,1705 1685,1718 1673,1713 1653,1726 1606,1703 1576,1703 1553,1726 1529,1734 1518,1723 1509,1726 1461,1707 1437,1727 1420,1726 1393,1740 1378,1735 1340,1758 1329,1761 1322,1754 1309,1762 1276,1734 1201,1738 1189,1728 1125,1737 1109,1730 1076,1758 1054,1738 1022,1754 996,1734 969,1746 953,1738 939,1746 915,1730 898,1738 873,1727 832,1750 806,1746 793,1758 775,1751 760,1758 752,1750 698,1737 653,1750 641,1750 623,1735 594,1735 582,1743 559,1738 539,1754 529,1746 518,1754 463,1753 444,1742 419,1750 410,1742 374,1742 362,1754 341,1748 318,1753 287,1742 250,1754 238,1742 219,1742 150,1798 133,1798"/>
            </Shape>
            <String ID="line_0f8f46bc-a6a1-45bd-92f7-3ffc08dd8fcc-dummy-Word" HEIGHT="179" WIDTH="1885" HPOS="133" VPOS="1619" CONTENT="wanneer deeze van eenige belangzike lyding spoedig veel afschriften">
              <Shape>
                <Polygon POINTS="133,1655 147,1658 231,1719 241,1709 282,1717 314,1698 338,1707 366,1686 391,1688 407,1701 439,1686 453,1697 474,1678 508,1669 518,1677 559,1677 597,1694 616,1693 629,1705 652,1682 662,1687 679,1677 698,1686 717,1682 754,1697 781,1693 790,1699 874,1660 915,1658 926,1668 950,1647 990,1661 1009,1680 1017,1673 1038,1678 1054,1670 1085,1670 1125,1646 1137,1654 1150,1646 1174,1661 1197,1648 1211,1654 1223,1642 1249,1646 1256,1639 1277,1639 1284,1646 1306,1642 1341,1661 1359,1646 1374,1650 1389,1637 1406,1646 1420,1638 1428,1646 1456,1647 1467,1658 1476,1654 1488,1665 1524,1634 1592,1657 1616,1638 1647,1638 1664,1630 1677,1638 1688,1630 1732,1634 1749,1646 1762,1642 1792,1650 1833,1623 1869,1639 1889,1619 1920,1634 1953,1631 1981,1642 2018,1643 2018,1688 1980,1706 1935,1699 1906,1726 1894,1726 1878,1710 1868,1714 1852,1698 1833,1706 1818,1695 1782,1710 1770,1706 1749,1723 1723,1707 1713,1714 1701,1705 1685,1718 1673,1713 1653,1726 1606,1703 1576,1703 1553,1726 1529,1734 1518,1723 1509,1726 1461,1707 1437,1727 1420,1726 1393,1740 1378,1735 1340,1758 1329,1761 1322,1754 1309,1762 1276,1734 1201,1738 1189,1728 1125,1737 1109,1730 1076,1758 1054,1738 1022,1754 996,1734 969,1746 953,1738 939,1746 915,1730 898,1738 873,1727 832,1750 806,1746 793,1758 775,1751 760,1758 752,1750 698,1737 653,1750 641,1750 623,1735 594,1735 582,1743 559,1738 539,1754 529,1746 518,1754 463,1753 444,1742 419,1750 410,1742 374,1742 362,1754 341,1748 318,1753 287,1742 250,1754 238,1742 219,1742 150,1798 133,1798"/>
              </Shape>
            </String>
          </TextLine>
          <TextLine ID="line_35216933-7fa5-4d70-861a-773e0b0c50b1" HEIGHT="167" WIDTH="1878" HPOS="140" VPOS="1697" STYLEREFS="textstyle-None---sans-serif---proportional---None---None---None">
            <Shape>
              <Polygon POINTS="140,1802 144,1806 178,1773 197,1780 244,1748 253,1754 305,1741 325,1748 334,1743 361,1756 387,1741 400,1748 426,1740 458,1752 515,1756 523,1748 541,1754 553,1745 618,1733 638,1748 656,1749 680,1736 696,1745 723,1741 759,1760 776,1760 824,1745 845,1747 867,1725 893,1725 905,1736 924,1733 941,1748 969,1748 998,1736 1021,1756 1047,1741 1077,1757 1101,1733 1119,1748 1133,1737 1178,1733 1190,1725 1214,1740 1244,1729 1266,1732 1308,1763 1377,1736 1400,1743 1420,1729 1450,1724 1469,1709 1484,1720 1499,1717 1544,1733 1573,1709 1604,1704 1649,1720 1672,1709 1697,1717 1722,1705 1745,1725 1773,1704 1841,1705 1849,1697 1869,1713 1878,1709 1894,1725 1909,1724 1932,1701 2018,1712 2018,1758 2009,1748 1963,1776 1944,1760 1894,1761 1873,1773 1848,1766 1818,1780 1785,1773 1751,1788 1723,1781 1697,1801 1673,1798 1649,1780 1616,1784 1601,1773 1575,1773 1550,1788 1536,1784 1516,1793 1494,1785 1458,1794 1433,1781 1417,1797 1358,1816 1340,1829 1299,1797 1248,1789 1228,1803 1211,1792 1173,1805 1164,1801 1151,1812 1113,1802 1101,1812 1078,1804 1064,1812 1051,1803 1034,1805 1003,1821 981,1821 964,1836 941,1836 928,1845 909,1840 900,1848 831,1809 815,1808 795,1820 767,1805 731,1805 706,1816 690,1805 673,1821 637,1809 608,1825 584,1817 535,1853 521,1852 494,1833 479,1837 459,1821 442,1825 416,1813 399,1829 373,1816 352,1817 328,1829 304,1824 252,1853 229,1852 209,1837 193,1853 170,1845 147,1864 140,1860"/>
            </Shape>
            <String ID="line_35216933-7fa5-4d70-861a-773e0b0c50b1-dummy-Word" HEIGHT="167" WIDTH="1878" HPOS="140" VPOS="1697" CONTENT="moesten hebben, goede zaken te zullen hebben. — Na Transfort dus zoo">
              <Shape>
                <Polygon POINTS="140,1802 144,1806 178,1773 197,1780 244,1748 253,1754 305,1741 325,1748 334,1743 361,1756 387,1741 400,1748 426,1740 458,1752 515,1756 523,1748 541,1754 553,1745 618,1733 638,1748 656,1749 680,1736 696,1745 723,1741 759,1760 776,1760 824,1745 845,1747 867,1725 893,1725 905,1736 924,1733 941,1748 969,1748 998,1736 1021,1756 1047,1741 1077,1757 1101,1733 1119,1748 1133,1737 1178,1733 1190,1725 1214,1740 1244,1729 1266,1732 1308,1763 1377,1736 1400,1743 1420,1729 1450,1724 1469,1709 1484,1720 1499,1717 1544,1733 1573,1709 1604,1704 1649,1720 1672,1709 1697,1717 1722,1705 1745,1725 1773,1704 1841,1705 1849,1697 1869,1713 1878,1709 1894,1725 1909,1724 1932,1701 2018,1712 2018,1758 2009,1748 1963,1776 1944,1760 1894,1761 1873,1773 1848,1766 1818,1780 1785,1773 1751,1788 1723,1781 1697,1801 1673,1798 1649,1780 1616,1784 1601,1773 1575,1773 1550,1788 1536,1784 1516,1793 1494,1785 1458,1794 1433,1781 1417,1797 1358,1816 1340,1829 1299,1797 1248,1789 1228,1803 1211,1792 1173,1805 1164,1801 1151,1812 1113,1802 1101,1812 1078,1804 1064,1812 1051,1803 1034,1805 1003,1821 981,1821 964,1836 941,1836 928,1845 909,1840 900,1848 831,1809 815,1808 795,1820 767,1805 731,1805 706,1816 690,1805 673,1821 637,1809 608,1825 584,1817 535,1853 521,1852 494,1833 479,1837 459,1821 442,1825 416,1813 399,1829 373,1816 352,1817 328,1829 304,1824 252,1853 229,1852 209,1837 193,1853 170,1845 147,1864 140,1860"/>
              </Shape>
            </String>
          </TextLine>
          <TextLine ID="d14d7887-a808-44e7-b6a2-4c302e582a00" HEIGHT="166" WIDTH="1818" HPOS="141" VPOS="1763" STYLEREFS="textstyle-None---sans-serif---proportional---None---None---None">
            <Shape>
              <Polygon POINTS="141,1823 154,1813 206,1837 244,1838 274,1818 318,1822 325,1829 356,1818 368,1829 383,1821 399,1830 424,1814 431,1821 459,1821 480,1838 502,1838 537,1813 569,1830 586,1817 599,1824 615,1810 660,1814 668,1806 691,1806 700,1814 721,1814 731,1806 751,1806 759,1814 786,1817 814,1806 860,1829 902,1832 915,1845 928,1846 969,1826 975,1830 1020,1810 1026,1814 1046,1798 1056,1806 1067,1798 1089,1813 1126,1798 1147,1813 1213,1793 1255,1806 1277,1801 1306,1825 1329,1819 1347,1825 1393,1810 1442,1782 1456,1782 1471,1794 1504,1790 1513,1782 1548,1786 1598,1775 1618,1786 1653,1782 1671,1798 1682,1794 1698,1802 1745,1774 1820,1782 1840,1767 1851,1774 1862,1763 1889,1769 1910,1763 1926,1766 1942,1782 1959,1783 1959,1829 1935,1841 1915,1830 1880,1831 1851,1855 1817,1846 1793,1858 1754,1835 1723,1847 1686,1881 1649,1850 1630,1858 1601,1847 1586,1862 1569,1854 1555,1863 1518,1854 1500,1870 1478,1859 1387,1905 1366,1893 1335,1902 1320,1889 1279,1894 1266,1907 1251,1898 1238,1908 1222,1900 1170,1914 1130,1893 1093,1894 1039,1871 1017,1881 981,1875 970,1886 944,1878 933,1889 921,1882 910,1893 886,1878 873,1879 811,1921 794,1905 780,1913 750,1906 732,1921 719,1910 666,1907 652,1918 640,1910 622,1917 608,1906 586,1923 537,1926 519,1911 512,1914 479,1894 465,1898 457,1890 402,1929 370,1921 355,1906 337,1922 300,1902 281,1910 262,1902 246,1913 185,1905 148,1926 141,1921"/>
            </Shape>
            <String ID="d14d7887-a808-44e7-b6a2-4c302e582a00-dummy-Word" HEIGHT="166" WIDTH="1818" HPOS="141" VPOS="1763" CONTENT="in als uitwendig goed opgenomen te hebben, verliezen wij de stad">
              <Shape>
                <Polygon POINTS="141,1823 154,1813 206,1837 244,1838 274,1818 318,1822 325,1829 356,1818 368,1829 383,1821 399,1830 424,1814 431,1821 459,1821 480,1838 502,1838 537,1813 569,1830 586,1817 599,1824 615,1810 660,1814 668,1806 691,1806 700,1814 721,1814 731,1806 751,1806 759,1814 786,1817 814,1806 860,1829 902,1832 915,1845 928,1846 969,1826 975,1830 1020,1810 1026,1814 1046,1798 1056,1806 1067,1798 1089,1813 1126,1798 1147,1813 1213,1793 1255,1806 1277,1801 1306,1825 1329,1819 1347,1825 1393,1810 1442,1782 1456,1782 1471,1794 1504,1790 1513,1782 1548,1786 1598,1775 1618,1786 1653,1782 1671,1798 1682,1794 1698,1802 1745,1774 1820,1782 1840,1767 1851,1774 1862,1763 1889,1769 1910,1763 1926,1766 1942,1782 1959,1783 1959,1829 1935,1841 1915,1830 1880,1831 1851,1855 1817,1846 1793,1858 1754,1835 1723,1847 1686,1881 1649,1850 1630,1858 1601,1847 1586,1862 1569,1854 1555,1863 1518,1854 1500,1870 1478,1859 1387,1905 1366,1893 1335,1902 1320,1889 1279,1894 1266,1907 1251,1898 1238,1908 1222,1900 1170,1914 1130,1893 1093,1894 1039,1871 1017,1881 981,1875 970,1886 944,1878 933,1889 921,1882 910,1893 886,1878 873,1879 811,1921 794,1905 780,1913 750,1906 732,1921 719,1910 666,1907 652,1918 640,1910 622,1917 608,1906 586,1923 537,1926 519,1911 512,1914 479,1894 465,1898 457,1890 402,1929 370,1921 355,1906 337,1922 300,1902 281,1910 262,1902 246,1913 185,1905 148,1926 141,1921"/>
              </Shape>
            </String>
          </TextLine>
          <TextLine ID="line_78c8bb65-4129-4b73-bdd1-fee90ef5ae69" HEIGHT="181" WIDTH="1870" HPOS="147" VPOS="1830" STYLEREFS="textstyle-None---sans-serif---proportional---None---None---None">
            <Shape>
              <Polygon POINTS="147,1930 183,1905 209,1911 270,1902 281,1910 297,1902 304,1909 337,1894 359,1910 388,1898 414,1918 452,1897 472,1916 499,1906 512,1914 519,1910 537,1926 585,1922 608,1906 619,1917 641,1910 653,1918 669,1909 780,1913 794,1902 814,1918 855,1894 903,1902 911,1894 928,1897 947,1878 968,1886 980,1874 1021,1878 1047,1870 1070,1886 1085,1882 1108,1893 1148,1866 1201,1890 1221,1878 1238,1886 1270,1882 1296,1896 1320,1889 1333,1902 1368,1893 1386,1905 1425,1890 1444,1874 1457,1878 1478,1859 1489,1870 1500,1870 1518,1854 1556,1863 1568,1854 1589,1862 1606,1850 1617,1854 1628,1843 1644,1843 1684,1878 1731,1842 1746,1843 1762,1858 1780,1849 1799,1858 1817,1846 1837,1846 1847,1854 1888,1830 1914,1830 1968,1854 2003,1850 2017,1857 2016,1905 2004,1898 1979,1923 1957,1917 1947,1924 1915,1914 1891,1924 1884,1917 1848,1952 1826,1939 1793,1948 1762,1917 1740,1913 1723,1925 1688,1921 1639,1933 1595,1964 1568,1964 1556,1952 1511,1940 1494,1925 1458,1941 1430,1932 1419,1936 1412,1929 1400,1941 1382,1932 1357,1944 1330,1933 1310,1933 1302,1941 1271,1933 1264,1940 1245,1937 1195,1952 1177,1970 1144,1966 1137,1972 1116,1967 1096,1949 1073,1945 1043,1959 1020,1949 995,1949 976,1966 970,1960 941,1964 920,1954 898,1960 877,1949 841,1956 825,1972 749,1953 705,1975 666,1956 658,1963 647,1956 625,1964 605,1956 559,1988 530,1983 509,1964 491,1960 452,1983 433,1976 398,2011 381,2002 367,2006 307,1968 287,1976 235,1964 208,1980 189,1980 170,1967 147,1971"/>
            </Shape>
            <String ID="line_78c8bb65-4129-4b73-bdd1-fee90ef5ae69-dummy-Word" HEIGHT="181" WIDTH="1870" HPOS="147" VPOS="1830" CONTENT="heden morgen om 10 uur, zeer te vreden over ons verblyf aldaar ^ over">
              <Shape>
                <Polygon POINTS="147,1930 183,1905 209,1911 270,1902 281,1910 297,1902 304,1909 337,1894 359,1910 388,1898 414,1918 452,1897 472,1916 499,1906 512,1914 519,1910 537,1926 585,1922 608,1906 619,1917 641,1910 653,1918 669,1909 780,1913 794,1902 814,1918 855,1894 903,1902 911,1894 928,1897 947,1878 968,1886 980,1874 1021,1878 1047,1870 1070,1886 1085,1882 1108,1893 1148,1866 1201,1890 1221,1878 1238,1886 1270,1882 1296,1896 1320,1889 1333,1902 1368,1893 1386,1905 1425,1890 1444,1874 1457,1878 1478,1859 1489,1870 1500,1870 1518,1854 1556,1863 1568,1854 1589,1862 1606,1850 1617,1854 1628,1843 1644,1843 1684,1878 1731,1842 1746,1843 1762,1858 1780,1849 1799,1858 1817,1846 1837,1846 1847,1854 1888,1830 1914,1830 1968,1854 2003,1850 2017,1857 2016,1905 2004,1898 1979,1923 1957,1917 1947,1924 1915,1914 1891,1924 1884,1917 1848,1952 1826,1939 1793,1948 1762,1917 1740,1913 1723,1925 1688,1921 1639,1933 1595,1964 1568,1964 1556,1952 1511,1940 1494,1925 1458,1941 1430,1932 1419,1936 1412,1929 1400,1941 1382,1932 1357,1944 1330,1933 1310,1933 1302,1941 1271,1933 1264,1940 1245,1937 1195,1952 1177,1970 1144,1966 1137,1972 1116,1967 1096,1949 1073,1945 1043,1959 1020,1949 995,1949 976,1966 970,1960 941,1964 920,1954 898,1960 877,1949 841,1956 825,1972 749,1953 705,1975 666,1956 658,1963 647,1956 625,1964 605,1956 559,1988 530,1983 509,1964 491,1960 452,1983 433,1976 398,2011 381,2002 367,2006 307,1968 287,1976 235,1964 208,1980 189,1980 170,1967 147,1971"/>
              </Shape>
            </String>
          </TextLine>
          <TextLine ID="line_387ad8f4-74a1-4fa3-838e-7843c0abcf5c" HEIGHT="178" WIDTH="1865" HPOS="144" VPOS="1906" STYLEREFS="textstyle-None---sans-serif---proportional---None---None---None">
            <Shape>
              <Polygon POINTS="144,1965 155,1973 169,1966 192,1981 220,1974 228,1982 244,1982 274,1969 294,1973 308,1986 343,1986 366,2005 382,1998 398,2010 426,1982 458,1981 477,1966 506,1969 533,1982 552,1980 577,1998 592,1989 609,1994 646,1981 672,1985 695,1965 734,1978 752,1973 762,1981 788,1958 802,1965 822,1954 833,1962 853,1950 902,1953 941,1965 976,1961 984,1969 993,1962 1012,1973 1047,1946 1155,1958 1179,1941 1201,1953 1233,1938 1262,1941 1269,1934 1301,1941 1334,1930 1354,1941 1374,1930 1400,1940 1421,1926 1444,1942 1456,1941 1473,1957 1497,1957 1521,1945 1556,1948 1570,1962 1597,1965 1611,1953 1628,1957 1659,1926 1723,1926 1742,1910 1756,1920 1782,1922 1842,1917 1860,1929 1878,1913 1884,1917 1901,1906 1919,1917 1932,1917 1945,1906 1964,1921 1984,1918 2009,1928 2009,1974 1983,1984 1967,1978 1956,1989 1896,1986 1876,2004 1807,1985 1774,2003 1740,1988 1726,1996 1687,1989 1672,2000 1644,1992 1621,2012 1605,2008 1560,2023 1530,2020 1515,2035 1508,2032 1479,2047 1427,2039 1420,2032 1405,2043 1349,2004 1326,2024 1292,2039 1253,2019 1213,2045 1186,2051 1163,2035 1131,2036 1108,2047 1094,2035 1061,2031 1048,2020 1001,2048 985,2035 971,2039 937,2020 881,2020 859,2038 831,2024 813,2033 803,2028 787,2039 764,2027 733,2051 694,2051 648,2075 626,2070 597,2043 574,2043 561,2032 536,2035 498,2067 465,2051 456,2059 430,2059 415,2052 381,2055 358,2043 332,2051 311,2070 294,2066 270,2084 249,2067 236,2074 213,2053 195,2055 184,2066 169,2051 144,2061"/>
            </Shape>
            <String ID="line_387ad8f4-74a1-4fa3-838e-7843c0abcf5c-dummy-Word" HEIGHT="178" WIDTH="1865" HPOS="144" VPOS="1906" CONTENT="ons logement daar wy uitnemend goed en goedkoop geweest waren: de">
              <Shape>
                <Polygon POINTS="144,1965 155,1973 169,1966 192,1981 220,1974 228,1982 244,1982 274,1969 294,1973 308,1986 343,1986 366,2005 382,1998 398,2010 426,1982 458,1981 477,1966 506,1969 533,1982 552,1980 577,1998 592,1989 609,1994 646,1981 672,1985 695,1965 734,1978 752,1973 762,1981 788,1958 802,1965 822,1954 833,1962 853,1950 902,1953 941,1965 976,1961 984,1969 993,1962 1012,1973 1047,1946 1155,1958 1179,1941 1201,1953 1233,1938 1262,1941 1269,1934 1301,1941 1334,1930 1354,1941 1374,1930 1400,1940 1421,1926 1444,1942 1456,1941 1473,1957 1497,1957 1521,1945 1556,1948 1570,1962 1597,1965 1611,1953 1628,1957 1659,1926 1723,1926 1742,1910 1756,1920 1782,1922 1842,1917 1860,1929 1878,1913 1884,1917 1901,1906 1919,1917 1932,1917 1945,1906 1964,1921 1984,1918 2009,1928 2009,1974 1983,1984 1967,1978 1956,1989 1896,1986 1876,2004 1807,1985 1774,2003 1740,1988 1726,1996 1687,1989 1672,2000 1644,1992 1621,2012 1605,2008 1560,2023 1530,2020 1515,2035 1508,2032 1479,2047 1427,2039 1420,2032 1405,2043 1349,2004 1326,2024 1292,2039 1253,2019 1213,2045 1186,2051 1163,2035 1131,2036 1108,2047 1094,2035 1061,2031 1048,2020 1001,2048 985,2035 971,2039 937,2020 881,2020 859,2038 831,2024 813,2033 803,2028 787,2039 764,2027 733,2051 694,2051 648,2075 626,2070 597,2043 574,2043 561,2032 536,2035 498,2067 465,2051 456,2059 430,2059 415,2052 381,2055 358,2043 332,2051 311,2070 294,2066 270,2084 249,2067 236,2074 213,2053 195,2055 184,2066 169,2051 144,2061"/>
              </Shape>
            </String>
          </TextLine>
          <TextLine ID="aefa1712-1e80-43c6-868a-ca9addf21ba3" HEIGHT="188" WIDTH="1903" HPOS="149" VPOS="1975" STYLEREFS="textstyle-None---sans-serif---proportional---None---None---None">
            <Shape>
              <Polygon POINTS="149,2092 197,2054 213,2054 233,2074 275,2082 287,2070 309,2070 359,2042 391,2062 403,2054 445,2062 478,2035 522,2047 538,2034 549,2038 558,2031 610,2038 663,2073 697,2050 722,2062 746,2048 767,2062 784,2054 849,2062 865,2046 877,2046 901,2066 925,2042 944,2046 959,2031 1009,2047 1027,2045 1053,2026 1104,2050 1130,2035 1159,2034 1189,2049 1197,2042 1212,2046 1247,2019 1264,2022 1289,2007 1306,2007 1330,2025 1360,2026 1368,2034 1378,2028 1403,2047 1415,2038 1480,2046 1515,2035 1528,2022 1557,2022 1574,2011 1597,2014 1625,1995 1652,1991 1669,1999 1692,1987 1710,1994 1738,1987 1769,2003 1827,1997 1833,2002 1864,1983 1878,1987 1887,1980 1910,1991 1941,1975 1972,1975 1981,1983 2014,1975 2052,2002 2052,2049 2015,2083 1990,2064 1968,2062 1956,2070 1922,2051 1899,2059 1875,2055 1863,2067 1831,2059 1810,2079 1802,2074 1785,2086 1767,2074 1751,2078 1735,2066 1702,2077 1695,2071 1675,2086 1655,2087 1630,2086 1618,2074 1586,2086 1558,2070 1541,2074 1514,2067 1462,2111 1439,2096 1421,2111 1412,2110 1370,2083 1343,2083 1325,2094 1298,2082 1272,2091 1255,2083 1242,2090 1224,2086 1183,2104 1163,2098 1143,2112 1127,2098 1113,2099 1058,2129 1034,2124 1007,2140 986,2123 974,2130 935,2118 911,2122 903,2114 840,2126 830,2135 765,2114 718,2134 710,2127 682,2130 639,2117 624,2131 608,2130 572,2107 546,2113 537,2107 512,2127 485,2110 456,2122 437,2115 423,2124 390,2110 379,2117 353,2111 299,2154 287,2146 269,2157 258,2154 211,2127 166,2159 149,2163"/>
            </Shape>
            <String ID="aefa1712-1e80-43c6-868a-ca9addf21ba3-dummy-Word" HEIGHT="188" WIDTH="1903" HPOS="149" VPOS="1975" CONTENT="Kroonprins was na eene publicque audientie gegeven te hebben, waarop">
              <Shape>
                <Polygon POINTS="149,2092 197,2054 213,2054 233,2074 275,2082 287,2070 309,2070 359,2042 391,2062 403,2054 445,2062 478,2035 522,2047 538,2034 549,2038 558,2031 610,2038 663,2073 697,2050 722,2062 746,2048 767,2062 784,2054 849,2062 865,2046 877,2046 901,2066 925,2042 944,2046 959,2031 1009,2047 1027,2045 1053,2026 1104,2050 1130,2035 1159,2034 1189,2049 1197,2042 1212,2046 1247,2019 1264,2022 1289,2007 1306,2007 1330,2025 1360,2026 1368,2034 1378,2028 1403,2047 1415,2038 1480,2046 1515,2035 1528,2022 1557,2022 1574,2011 1597,2014 1625,1995 1652,1991 1669,1999 1692,1987 1710,1994 1738,1987 1769,2003 1827,1997 1833,2002 1864,1983 1878,1987 1887,1980 1910,1991 1941,1975 1972,1975 1981,1983 2014,1975 2052,2002 2052,2049 2015,2083 1990,2064 1968,2062 1956,2070 1922,2051 1899,2059 1875,2055 1863,2067 1831,2059 1810,2079 1802,2074 1785,2086 1767,2074 1751,2078 1735,2066 1702,2077 1695,2071 1675,2086 1655,2087 1630,2086 1618,2074 1586,2086 1558,2070 1541,2074 1514,2067 1462,2111 1439,2096 1421,2111 1412,2110 1370,2083 1343,2083 1325,2094 1298,2082 1272,2091 1255,2083 1242,2090 1224,2086 1183,2104 1163,2098 1143,2112 1127,2098 1113,2099 1058,2129 1034,2124 1007,2140 986,2123 974,2130 935,2118 911,2122 903,2114 840,2126 830,2135 765,2114 718,2134 710,2127 682,2130 639,2117 624,2131 608,2130 572,2107 546,2113 537,2107 512,2127 485,2110 456,2122 437,2115 423,2124 390,2110 379,2117 353,2111 299,2154 287,2146 269,2157 258,2154 211,2127 166,2159 149,2163"/>
              </Shape>
            </String>
          </TextLine>
          <TextLine ID="line_082d9e73-9dd4-46d2-b343-d9571157d7bd" HEIGHT="174" WIDTH="1857" HPOS="159" VPOS="2049" STYLEREFS="textstyle-None---sans-serif---proportional---None---None---None">
            <Shape>
              <Polygon POINTS="159,2159 213,2127 269,2158 285,2147 302,2155 355,2112 371,2112 407,2139 441,2151 471,2151 496,2132 538,2123 555,2108 569,2107 609,2131 625,2131 644,2118 682,2131 697,2127 712,2138 734,2123 769,2115 826,2135 836,2127 866,2127 874,2119 903,2115 935,2119 943,2127 958,2120 975,2131 984,2124 1013,2139 1073,2123 1090,2108 1102,2112 1135,2092 1183,2106 1219,2084 1262,2083 1279,2091 1290,2080 1336,2088 1364,2078 1413,2111 1440,2097 1463,2111 1524,2068 1542,2075 1555,2068 1567,2078 1592,2067 1626,2079 1653,2064 1685,2064 1701,2076 1735,2067 1751,2079 1768,2072 1787,2084 1814,2076 1840,2056 1858,2068 1874,2056 1902,2065 1935,2049 1946,2060 1958,2056 1990,2067 2007,2083 2016,2081 2016,2126 2005,2124 1971,2146 1931,2131 1868,2128 1844,2147 1817,2144 1770,2172 1731,2170 1713,2183 1673,2180 1647,2163 1582,2176 1543,2147 1533,2152 1523,2144 1488,2155 1466,2153 1451,2163 1406,2151 1374,2171 1348,2156 1332,2171 1215,2171 1192,2184 1129,2160 1062,2172 1016,2164 971,2195 952,2176 945,2183 932,2175 904,2200 872,2211 857,2200 839,2199 803,2211 779,2187 767,2192 752,2186 708,2201 672,2188 643,2215 612,2210 586,2223 548,2188 531,2202 505,2188 468,2219 412,2211 386,2195 368,2211 348,2212 333,2204 304,2207 277,2190 247,2216 211,2191 180,2188 159,2199"/>
            </Shape>
            <String ID="line_082d9e73-9dd4-46d2-b343-d9571157d7bd-dummy-Word" HEIGHT="174" WIDTH="1857" HPOS="159" VPOS="2049" CONTENT="zeer veel menschen geweest zyn, gisteren avond met het ryking naar">
              <Shape>
                <Polygon POINTS="159,2159 213,2127 269,2158 285,2147 302,2155 355,2112 371,2112 407,2139 441,2151 471,2151 496,2132 538,2123 555,2108 569,2107 609,2131 625,2131 644,2118 682,2131 697,2127 712,2138 734,2123 769,2115 826,2135 836,2127 866,2127 874,2119 903,2115 935,2119 943,2127 958,2120 975,2131 984,2124 1013,2139 1073,2123 1090,2108 1102,2112 1135,2092 1183,2106 1219,2084 1262,2083 1279,2091 1290,2080 1336,2088 1364,2078 1413,2111 1440,2097 1463,2111 1524,2068 1542,2075 1555,2068 1567,2078 1592,2067 1626,2079 1653,2064 1685,2064 1701,2076 1735,2067 1751,2079 1768,2072 1787,2084 1814,2076 1840,2056 1858,2068 1874,2056 1902,2065 1935,2049 1946,2060 1958,2056 1990,2067 2007,2083 2016,2081 2016,2126 2005,2124 1971,2146 1931,2131 1868,2128 1844,2147 1817,2144 1770,2172 1731,2170 1713,2183 1673,2180 1647,2163 1582,2176 1543,2147 1533,2152 1523,2144 1488,2155 1466,2153 1451,2163 1406,2151 1374,2171 1348,2156 1332,2171 1215,2171 1192,2184 1129,2160 1062,2172 1016,2164 971,2195 952,2176 945,2183 932,2175 904,2200 872,2211 857,2200 839,2199 803,2211 779,2187 767,2192 752,2186 708,2201 672,2188 643,2215 612,2210 586,2223 548,2188 531,2202 505,2188 468,2219 412,2211 386,2195 368,2211 348,2212 333,2204 304,2207 277,2190 247,2216 211,2191 180,2188 159,2199"/>
              </Shape>
            </String>
          </TextLine>
          <TextLine ID="afaac9b7-79cd-497b-8ac7-93daca899284" HEIGHT="189" WIDTH="1877" HPOS="164" VPOS="2127" STYLEREFS="textstyle-None---sans-serif---proportional---None---None---None">
            <Shape>
              <Polygon POINTS="164,2190 179,2199 210,2191 244,2215 258,2207 270,2215 289,2211 298,2219 352,2199 366,2211 390,2195 432,2222 445,2215 477,2219 513,2195 534,2195 574,2222 588,2223 613,2210 643,2214 685,2183 705,2185 721,2199 736,2187 779,2187 802,2207 824,2214 848,2199 866,2207 899,2206 935,2171 972,2195 993,2179 1013,2195 1045,2167 1061,2179 1075,2167 1109,2167 1121,2179 1148,2168 1178,2178 1203,2164 1224,2175 1264,2168 1273,2175 1310,2174 1324,2167 1365,2179 1407,2152 1451,2163 1543,2144 1568,2167 1580,2161 1595,2175 1628,2162 1656,2163 1672,2179 1690,2175 1708,2183 1728,2171 1768,2176 1785,2159 1826,2139 1853,2143 1870,2128 1938,2135 1945,2128 1975,2127 2009,2151 2030,2144 2041,2155 2041,2201 2022,2206 1984,2234 1955,2213 1939,2214 1924,2203 1868,2207 1857,2217 1844,2210 1819,2234 1780,2231 1763,2221 1720,2235 1696,2226 1676,2238 1644,2221 1620,2229 1593,2253 1580,2254 1533,2222 1516,2229 1506,2222 1469,2238 1439,2241 1408,2230 1389,2249 1362,2249 1341,2234 1318,2233 1269,2245 1238,2264 1224,2261 1206,2277 1171,2272 1118,2238 1092,2245 1076,2261 1053,2257 1025,2277 997,2276 965,2254 958,2261 936,2261 920,2246 900,2261 882,2246 873,2254 856,2246 831,2256 789,2253 756,2277 672,2254 622,2279 577,2281 559,2292 477,2259 461,2269 448,2261 421,2285 406,2284 380,2261 329,2261 306,2273 249,2265 226,2288 200,2285 164,2316"/>
            </Shape>
            <String ID="afaac9b7-79cd-497b-8ac7-93daca899284-dummy-Word" HEIGHT="189" WIDTH="1877" HPOS="164" VPOS="2127" CONTENT="Biberich vertrokken terwil Hare Hoogheid de Kroonprinces gisteren">
              <Shape>
                <Polygon POINTS="164,2190 179,2199 210,2191 244,2215 258,2207 270,2215 289,2211 298,2219 352,2199 366,2211 390,2195 432,2222 445,2215 477,2219 513,2195 534,2195 574,2222 588,2223 613,2210 643,2214 685,2183 705,2185 721,2199 736,2187 779,2187 802,2207 824,2214 848,2199 866,2207 899,2206 935,2171 972,2195 993,2179 1013,2195 1045,2167 1061,2179 1075,2167 1109,2167 1121,2179 1148,2168 1178,2178 1203,2164 1224,2175 1264,2168 1273,2175 1310,2174 1324,2167 1365,2179 1407,2152 1451,2163 1543,2144 1568,2167 1580,2161 1595,2175 1628,2162 1656,2163 1672,2179 1690,2175 1708,2183 1728,2171 1768,2176 1785,2159 1826,2139 1853,2143 1870,2128 1938,2135 1945,2128 1975,2127 2009,2151 2030,2144 2041,2155 2041,2201 2022,2206 1984,2234 1955,2213 1939,2214 1924,2203 1868,2207 1857,2217 1844,2210 1819,2234 1780,2231 1763,2221 1720,2235 1696,2226 1676,2238 1644,2221 1620,2229 1593,2253 1580,2254 1533,2222 1516,2229 1506,2222 1469,2238 1439,2241 1408,2230 1389,2249 1362,2249 1341,2234 1318,2233 1269,2245 1238,2264 1224,2261 1206,2277 1171,2272 1118,2238 1092,2245 1076,2261 1053,2257 1025,2277 997,2276 965,2254 958,2261 936,2261 920,2246 900,2261 882,2246 873,2254 856,2246 831,2256 789,2253 756,2277 672,2254 622,2279 577,2281 559,2292 477,2259 461,2269 448,2261 421,2285 406,2284 380,2261 329,2261 306,2273 249,2265 226,2288 200,2285 164,2316"/>
              </Shape>
            </String>
          </TextLine>
          <TextLine ID="d99afd4d-60ed-4ff4-872b-16290676e0fd" HEIGHT="170" WIDTH="1902" HPOS="156" VPOS="2200" STYLEREFS="textstyle-None---sans-serif---proportional---None---None---None">
            <Shape>
              <Polygon POINTS="156,2272 167,2275 175,2268 190,2283 226,2299 272,2267 295,2283 310,2284 350,2264 382,2264 402,2283 422,2283 454,2260 479,2260 553,2292 578,2279 617,2279 629,2267 639,2271 682,2252 736,2275 753,2262 777,2263 802,2251 830,2255 839,2248 863,2255 881,2250 900,2263 918,2251 942,2263 964,2252 988,2264 999,2253 1037,2268 1073,2261 1096,2244 1114,2252 1131,2247 1170,2263 1186,2279 1204,2279 1225,2260 1252,2259 1264,2248 1272,2255 1299,2235 1322,2240 1333,2234 1355,2247 1381,2242 1389,2248 1413,2228 1426,2238 1436,2228 1446,2236 1466,2227 1481,2235 1491,2228 1513,2233 1525,2221 1581,2255 1631,2224 1667,2228 1728,2212 1743,2227 1762,2220 1780,2231 1803,2225 1821,2239 1844,2232 1880,2204 1912,2210 1921,2203 1935,2208 1943,2200 1961,2207 1984,2200 2037,2243 2047,2244 2058,2232 2058,2277 2052,2272 2024,2297 2000,2281 1989,2291 1972,2288 1961,2299 1940,2284 1928,2291 1917,2280 1890,2292 1873,2283 1848,2292 1828,2284 1793,2300 1777,2291 1751,2299 1738,2288 1728,2296 1695,2292 1665,2305 1657,2299 1641,2303 1622,2288 1558,2303 1520,2303 1504,2292 1490,2300 1481,2292 1467,2303 1445,2297 1388,2342 1358,2327 1326,2343 1282,2328 1268,2332 1233,2308 1208,2319 1184,2342 1169,2343 1148,2325 1129,2335 1116,2324 1085,2343 1046,2312 997,2334 964,2316 944,2331 921,2328 893,2352 857,2345 846,2356 825,2352 812,2363 775,2348 759,2356 743,2340 726,2340 700,2359 681,2359 663,2355 644,2338 624,2339 615,2331 575,2335 562,2327 527,2336 494,2328 471,2348 442,2351 418,2339 404,2347 377,2332 365,2344 357,2340 340,2351 298,2348 269,2370 230,2343 193,2339 166,2364 156,2362"/>
            </Shape>
            <String ID="d99afd4d-60ed-4ff4-872b-16290676e0fd-dummy-Word" HEIGHT="170" WIDTH="1902" HPOS="156" VPOS="2200" CONTENT="morgen met een schoon Nassansch jagt, waarop de Hollandsche en Rus„">
              <Shape>
                <Polygon POINTS="156,2272 167,2275 175,2268 190,2283 226,2299 272,2267 295,2283 310,2284 350,2264 382,2264 402,2283 422,2283 454,2260 479,2260 553,2292 578,2279 617,2279 629,2267 639,2271 682,2252 736,2275 753,2262 777,2263 802,2251 830,2255 839,2248 863,2255 881,2250 900,2263 918,2251 942,2263 964,2252 988,2264 999,2253 1037,2268 1073,2261 1096,2244 1114,2252 1131,2247 1170,2263 1186,2279 1204,2279 1225,2260 1252,2259 1264,2248 1272,2255 1299,2235 1322,2240 1333,2234 1355,2247 1381,2242 1389,2248 1413,2228 1426,2238 1436,2228 1446,2236 1466,2227 1481,2235 1491,2228 1513,2233 1525,2221 1581,2255 1631,2224 1667,2228 1728,2212 1743,2227 1762,2220 1780,2231 1803,2225 1821,2239 1844,2232 1880,2204 1912,2210 1921,2203 1935,2208 1943,2200 1961,2207 1984,2200 2037,2243 2047,2244 2058,2232 2058,2277 2052,2272 2024,2297 2000,2281 1989,2291 1972,2288 1961,2299 1940,2284 1928,2291 1917,2280 1890,2292 1873,2283 1848,2292 1828,2284 1793,2300 1777,2291 1751,2299 1738,2288 1728,2296 1695,2292 1665,2305 1657,2299 1641,2303 1622,2288 1558,2303 1520,2303 1504,2292 1490,2300 1481,2292 1467,2303 1445,2297 1388,2342 1358,2327 1326,2343 1282,2328 1268,2332 1233,2308 1208,2319 1184,2342 1169,2343 1148,2325 1129,2335 1116,2324 1085,2343 1046,2312 997,2334 964,2316 944,2331 921,2328 893,2352 857,2345 846,2356 825,2352 812,2363 775,2348 759,2356 743,2340 726,2340 700,2359 681,2359 663,2355 644,2338 624,2339 615,2331 575,2335 562,2327 527,2336 494,2328 471,2348 442,2351 418,2339 404,2347 377,2332 365,2344 357,2340 340,2351 298,2348 269,2370 230,2343 193,2339 166,2364 156,2362"/>
              </Shape>
            </String>
          </TextLine>
          <TextLine ID="line_4d3d75fd-a5f4-4373-8231-4a3cdae13953" HEIGHT="176" WIDTH="1906" HPOS="155" VPOS="2283" STYLEREFS="textstyle-None---sans-serif---proportional---None---None---None">
            <Shape>
              <Polygon POINTS="155,2368 193,2339 232,2340 270,2370 297,2351 308,2354 328,2343 335,2350 357,2350 402,2331 440,2351 472,2348 493,2327 511,2327 519,2335 544,2335 552,2327 581,2335 621,2331 685,2362 717,2343 729,2350 741,2339 759,2355 776,2350 784,2358 801,2347 820,2346 848,2359 869,2339 891,2354 940,2319 975,2319 996,2334 1017,2323 1025,2331 1048,2336 1060,2330 1089,2342 1112,2330 1132,2334 1144,2323 1172,2342 1183,2341 1212,2315 1236,2309 1255,2319 1293,2319 1324,2343 1356,2327 1380,2339 1416,2304 1443,2296 1468,2303 1508,2292 1547,2304 1564,2296 1610,2296 1618,2288 1644,2305 1660,2295 1672,2303 1699,2292 1712,2299 1740,2292 1753,2299 1792,2300 1800,2292 1823,2298 1863,2284 1888,2292 1917,2283 1928,2294 1939,2284 1960,2299 1976,2288 2026,2319 2053,2315 2061,2321 2061,2367 2051,2377 2022,2402 2006,2392 1997,2399 1980,2397 1970,2407 1931,2407 1914,2391 1899,2399 1864,2395 1845,2407 1816,2411 1795,2407 1784,2396 1773,2403 1753,2395 1741,2407 1728,2404 1703,2419 1687,2403 1650,2392 1639,2403 1623,2395 1576,2397 1552,2416 1525,2407 1504,2423 1487,2415 1448,2418 1407,2401 1370,2431 1357,2419 1324,2422 1307,2411 1272,2414 1227,2387 1208,2399 1149,2399 1131,2391 1117,2403 1099,2388 1070,2387 1024,2409 1010,2396 994,2399 980,2391 951,2419 931,2410 894,2422 884,2413 863,2411 844,2427 817,2423 803,2430 776,2411 759,2427 721,2423 687,2447 661,2447 649,2459 616,2444 595,2455 573,2442 552,2455 506,2459 484,2438 440,2454 418,2443 368,2438 352,2426 321,2439 278,2405 269,2414 248,2411 210,2430 188,2431 168,2450 155,2442"/>
            </Shape>
            <String ID="line_4d3d75fd-a5f4-4373-8231-4a3cdae13953-dummy-Word" HEIGHT="176" WIDTH="1906" HPOS="155" VPOS="2283" CONTENT="sische vlaggen, en waarvoor 8 paarden waren, derwaarts de Man is afgezag">
              <Shape>
                <Polygon POINTS="155,2368 193,2339 232,2340 270,2370 297,2351 308,2354 328,2343 335,2350 357,2350 402,2331 440,2351 472,2348 493,2327 511,2327 519,2335 544,2335 552,2327 581,2335 621,2331 685,2362 717,2343 729,2350 741,2339 759,2355 776,2350 784,2358 801,2347 820,2346 848,2359 869,2339 891,2354 940,2319 975,2319 996,2334 1017,2323 1025,2331 1048,2336 1060,2330 1089,2342 1112,2330 1132,2334 1144,2323 1172,2342 1183,2341 1212,2315 1236,2309 1255,2319 1293,2319 1324,2343 1356,2327 1380,2339 1416,2304 1443,2296 1468,2303 1508,2292 1547,2304 1564,2296 1610,2296 1618,2288 1644,2305 1660,2295 1672,2303 1699,2292 1712,2299 1740,2292 1753,2299 1792,2300 1800,2292 1823,2298 1863,2284 1888,2292 1917,2283 1928,2294 1939,2284 1960,2299 1976,2288 2026,2319 2053,2315 2061,2321 2061,2367 2051,2377 2022,2402 2006,2392 1997,2399 1980,2397 1970,2407 1931,2407 1914,2391 1899,2399 1864,2395 1845,2407 1816,2411 1795,2407 1784,2396 1773,2403 1753,2395 1741,2407 1728,2404 1703,2419 1687,2403 1650,2392 1639,2403 1623,2395 1576,2397 1552,2416 1525,2407 1504,2423 1487,2415 1448,2418 1407,2401 1370,2431 1357,2419 1324,2422 1307,2411 1272,2414 1227,2387 1208,2399 1149,2399 1131,2391 1117,2403 1099,2388 1070,2387 1024,2409 1010,2396 994,2399 980,2391 951,2419 931,2410 894,2422 884,2413 863,2411 844,2427 817,2423 803,2430 776,2411 759,2427 721,2423 687,2447 661,2447 649,2459 616,2444 595,2455 573,2442 552,2455 506,2459 484,2438 440,2454 418,2443 368,2438 352,2426 321,2439 278,2405 269,2414 248,2411 210,2430 188,2431 168,2450 155,2442"/>
              </Shape>
            </String>
          </TextLine>
        </TextBlock>
      </PrintSpace>
    </Page>
  </Layout>
</alto>
