2083 2540
128 37 1818 150 platte visscher schuiten die alle hunne lange netten bylangs de sche„

127 120 1817 134 pen gesteldt hadden om zalm te vangen die hier in menigte gevonden

124 180 1822 154 wordt. weld ra kregen wy rechts de ruines van het slot de kaz in het

135 246 1824 163 og en een weinig verder op de zelfde oever de zoogenaamde Maus ook

121 323 1841 162 Vurenberg genoemd en over dezelve het aardige stadje H: Goart waar

141 389 1796 157 y, daar het reeds half acht was, besloten den nacht door te brengen &

143 481 1394 123 ten welken einde wy er het logement de Lilie betrokken.

140 534 1793 142 Nog eer wy dezen morgen ontbeten hadden wandelden wy door eene schoo„

135 621 1812 111 ne laan van noteboomen, die zeer steil oploopt, naar de vermaarde vesting

123 679 1831 141 Rcheinfels, die te voren onverwenlyk was, door verraad van de Franschen

125 743 1812 135 is genomen, en kort daarop, ik meen in 1800, is vernield geworden, daar deeze

122 814 1824 121 alles door kruid hebben laten springen: men moet inderdaad verbaast

116 880 1790 123 staan hoe dit zulke uitwerkselen heeft kunnen hebben; muren, poorten,

120 942 1841 136 Hasematten, kelders, putten, alles, alles in pum verkeerd en men kan

124 1020 1791 122 zich niet voorstellen hoe het te voren geweest is alleen is het wel te

120 1080 1825 130 ven dat de vesting zeer groot geweest is; zy was voorheen sesfisct. -

119 1140 1852 144 langs dezelfde weg terugkerende hielden wy ons nog eenige tyd op in ons

124 1215 1788 139 logement, dat voortzeflyk aan den Rhyn gelegen is, terwijl de chansse

125 1279 1853 139 onder de raams van het agterste gedeelte des huizes doorloept: daar men

118 1349 1826 150 niet bezig was hier aan te werken, en myne kamer op dezelve uitzag,

119 1418 1842 138 sliep ik zeer weinig, daar men met het krieken van den dag onophoudelyk

120 1499 1767 117 op de steenen Klopte en stampte: om 7¾4 scheepten wy ons weder in en

124 1540 1870 129 passeerden voort daarna het dorp Welmich, waarboven zich het vergelot

120 1614 1834 143 de Mansf of Thurenberg verheft, op deeze zelfde regter zyde ontwaardt

120 1683 1857 136 men terstond daarna eene Gausche partij Kale rotsen terwyl daaren

123 1753 1859 130 tegen de lankeroever meer en meer met kneupelhout bedekt wordt;

119 1827 1863 153 by het dorpje Chreuthal, dat men kort daarna ziet, vindt men eenige

123 1898 1803 153 zilvermynen en eene zilversmeltery aan den Ryn; na eene sterke

107 1973 1817 144 togt van der Rivier te boven gekomen te zijn, alle welke slengeringen

120 2045 1865 158 de Chansse op de linker oever gestadig volgt, ziet men op deeze kant

124 2125 1828 165 het dorp Hirzenacl op de regter zyde het dorp kester en een weinig

122 2195 1863 150 verder de twee ruines Lowestein en Sternifels gewoonlyk de twee

134 2277 1855 160 Broeders genaamd: hoe deeze sloten aan die namen gekomen zyn

0 564 117 114 1816.
