2098 2540
177 45 107 82 XII

242 52 1751 155 om de vesling Koningstein te bezoeken. — Beloedere coffyhuis. — Uit

162 152 855 113 muntend gezigt over de Elve

1692 164 278 110 Blad 334

716 226 315 138 Brief XII

418 285 1017 186 Uit Grombach van den 6 Augustus 1816.

166 484 1544 160 vertrek uit Dresden. Tilutz. — drie paviljoenen aldaar.

170 573 1530 117 Ruine de Poreberg. — verruklyk gezigt van deeze hoogte.

1731 517 232 123 Tunen.

171 575 1884 174 weg. — Wandeling van de Grundmuhle naar Lohmen. — Wandeling de

1687 608 409 99 Ongewoone oud

174 699 1922 118 daar Grote sprong van Haatman. De Saksers groote liefhebbers vert

167 760 1929 120 van Kaartspelen. —. Ons gezelschap met twee Leipsiger stuitenten verm hem

175 818 1921 139 dert. — vertrek naar de Ottowalder Grund. — Het ledige lyting gaatdaa

179 887 1917 127 langs eene andere weg tot Rathewalde. — Heerlyke wandeling derwaten i

216 954 1880 116 —Duwelskeuken. — Hier vonden veele hun graf. — Onbeschryflyk — H

170 1000 1926 132 Gezigt op de zoogenaamde Bastey. — Mortgrund. Amselhol: —D A

178 1081 1918 107 molenaar maakt juct de schuif zyner molen open.— Aankomst tryhei

177 1142 1919 111 Rathewalde. — vertrek met het zijzing naar Schandan. voorva Bet

183 1205 1913 118 met onzen voerman. — Badhuis te schaadan. De wagen gaat dooad zi

180 1270 1916 119 naar Pirna. — Wandeling naar de Kukstal. — Tneffend gezigt al= Hoo

175 1334 1713 116 daar. — Moeylyke klin om op het gewelf der Kukstal te komen.

177 1384 1816 130 wandeling naar de Lichtenhayner muhle. — Pober Souper en slegt nag

172 1463 1824 111 verblyf en een hooyberg. verdere wandeling naar de kleine & gro

177 1532 1810 113 te winterberg. — Te leur stelling op laatstgenoemde berg. L. Boheem

170 1594 1926 110 sche grenzen. Groote verwoeslingen door een rukwind aangeregt. ver

173 1661 1911 114 Prebisch Thos het verste puut de reis. — Ontmoeting van eenige Boken Prof

278 1721 1818 101 Derzelver zonderlinge groete. — Heruitsch Krätschen het eerste oek

175 1780 1852 118 Boheemsche dorp: — met een schuitje van daar de Elve afgezakt.

227 1846 1869 111 Geds te Schandan aan wal gezet. — Lilienstein. — Koningstein- Me

225 1908 1871 124 schoone gezigten naar weerszyden. — Wandeling van wehlen hille

152 1976 1944 115 naar Pirna. — Tonnectein. — Merkwaardige plek in deszelfs brek

255 2051 1393 106 vertrek van Perna over Dreeden naar Grombach.

1674 2045 422 113 Groote luithe

1971 2108 125 95 lade

240 2118 739 118 Aankomst te Gromnbach

947 2118 731 119 Tharant niet Gezien.

1685 2114 287 123 Blads 149

2012 2165 84 87 A
