2083 2540
180 68 1833 143 in de kamer waar de manuserysten, eerste drukken en andere rariteiten ge=

170 174 1857 112 borgen worden zyn veele schoone bybels prachtig ingebonden, zynde de ban„

166 237 1862 119 den dikwyls met goud, paarlen, en edelgesteentens ingelegt en van binnen

163 301 1868 138 geheel met goud geschreven, voorts eenige derretalen, een blad van het gezal=

172 373 1840 129 terium van 1457 ('t geen wy in zyn Geheel op de Dresdener bibliotheek

170 446 1862 130 zagen) een volledig jisalterium in 1458 te Maints gedrukt en eenige andere

170 517 1779 137 stukken: onder een glas is hier een halve schedel van een mensch in

171 582 1848 152 1778 te Pompeji opgedolven door Hertog August Friderich  in 1792 uit

173 660 1832 133 statien medegenomen en dan deeze bibliotheek geschonken. Door rus„

172 735 1812 119 schenkomst van den H=r Kerchenraad Doring, die wy een oogenblik te voren

169 798 1823 137 Gesproken hadden, en die ons verzogt had by hem het frukstuck te

166 864 1856 146 nemen, opende de Hofraad Jacobson voor ons het veroemde muntiabinel

161 943 1839 134 wiens weerga, behalve dat te Parys, gewis en Europa niet is: dit

163 1004 1806 137 Cabinck, dat mede in het slot en juist onder de bibliotheek is, bevat eene

165 1075 1765 134 onnoemlyke schat van penningen die alle op de Engelsche manier

165 1144 1806 137 Geograpteesch gerangschikt zyn; dat wy hiervan slechts een klein

166 1214 1827 152 gedeelte zagen behoeft wel geene verzekering om alles toch te zien

163 1286 1856 136 zou men hier dagen agtereen moeten doorbrengen. Na eenige Griek„

160 1369 1868 124 sche penningen gezien te hebben zoonde de Hofraad ons eene menigte

155 1439 1834 121 Gouden medailles uit de Romeinsche geschiedenis en wel het meest

162 1515 1805 114 onder de Keizers tot aan de Bizantynsche hiermede was eene

165 1591 1804 138 geheele Kast Gevuld zynde er 64 stuks in iedere lade, een groot

164 1668 1796 120 getal daarvan ontbrak in het muntkabinet van Parys volgens

166 1748 1841 117 het zeggen van onzen vriendlijken Hofraad die zoo stok doof was

168 1820 1796 117 dat hij de helft niet verstond van al hetgeen wy hem vroegen. Hoe

163 1888 1871 125 gaarn wy nog de kunstkamer en de galerie van afdruksels in Gejs,

155 1962 1847 125 waarin mede schoone stukken voorkomen, zouden gezien hebben, was

158 2034 1841 117 zulks onmogelyk zynde de opzichter over deeze cabinchten eenige

159 2097 1842 141 dagen te voren overleden, en alles verzegelt tot de aanstelling van

161 2178 1760 129 zynen opvolger: beide deeze verzamelingen zyn mede in het

155 2253 1861 156 groote slot voorhanden en meest door den overleden Hertog by een ge=

1915 64 120 71 146
