2083 2540
172 21 1761 213 reis regt de zes overigen zyn gedeeltelyk verdwenen of geene mira„

171 163 1724 115 a meer. —. De mineralogische samlang is onder de directie van

173 216 1798 150 Bergraad zints; schoon ten dienste der studenten zynde komt deeze

160 284 1742 127 oone verzameling in eigendom toe aan eene mineralogische

162 345 1810 148 ricteit, op zondag wierd hierdoor den Hr Lints collegie gehouden:

166 403 1740 138 de tweede verdieping ziet men eene collectie opgezette

163 470 1806 131 eren, waaronder een groote tyger uitmunt, amschibien en con„

162 536 1761 141 lien: van deeze vertrekken heeft men een uitmuntend op en over

159 598 1813 150 bergen waar langs de Fransche armee in 1806 gedefileerd is en het

160 666 1775 153 langryk punt op de berg de Sneeken, 't welk de Prinssen door een

162 732 1804 160 overgeeflyk verzuim niet bezit hadden zich verbeeldende dat

170 796 1778 152 vyand met geene mogelykheid dit punt zouden kunnen be„

160 873 1769 165 ken waardoor de gansche slag is verloren geworden: dit al

157 950 1757 145 stoonde de vrolyke luchtige en koddige bergraad ons op een

152 1024 1739 140 aan van de batailje waarop in gips alle hoogtens, bergen &

148 1084 1771 155 bosschen waren afgebeeld. met groot genoegen woonden wy allen

161 1156 1786 153 in collegie van Prof=r Luden by over de neueste Staatserreignissen

158 1230 1804 132 van Frederik de H tot op de tweede herstelling der Bourbous op de

150 1299 1782 145 zoon van Frankryk: dit collegie dat de studenten het Courante

149 1358 1781 152 ollegie noemen wordt éénmaal in de week publice gehouden &

148 1426 1826 177 daar de Professor dit zeer aangenaam weet aftewisselen komt hier

155 1497 1831 163 ook de Gansche Academie. Zyn Hooggeleerde verontschuldigde

151 1579 1707 143 zich eerst over een uisverstand dat de vorige reis had

156 1654 1840 158 plaats gehad: in consistorio moetende zyn had hy Geen les kunnen

155 1729 1771 160 houden het deeze en geene gezegd en daarop door den Pedel

160 1794 1816 157 in de collegie kamer laten zeggen: deeze echter had zyn famoeloes

151 1877 1723 139 gezonden welke zich ongelukkiger wys aan een verkeerde

159 1939 1800 145 deur geplaatst en alle die studenten terug gezonden had, zoo

156 2011 1772 146 dat in de eene kamer een Professor te vergeefsch op Auditores

164 2081 1757 158 en just daarnaast een gansch auditorium te vergeefsch op

157 2161 1771 157 eenen Professor wagtte. — Voorts sprak de Hoogleezaar in dat

159 2234 1764 144 uur veel over de Pruissische monarihie die hy wyl zy zich

157 2316 1800 152 thans van de grenzen van Rusland tot over de Rhyn in de provi=

1867 61 63 68 139
