2083 2540
1856 76 100 98 137

163 80 1704 141 volstrekt de weg naar Iena niet had kunnen passeren, te Rodegast

158 161 1792 135 tergelaten en te groot heer zinde om die vragt zelf te dragen had hi

155 232 1801 126 les in eene groote mand gepakt en er ééne vrouw mede belast. wy

159 298 1771 107 wonderden ons alle hoe eéne vrouw zulk een vragt twee uren ver¬

157 340 1815 137 ngs een zeer glibberig voetpad kon dragen dan zy zyn hier vry wat

155 413 1818 121 waar lopen, dragen en zwaar arbeiden gewoon als by ons; meerma„

166 468 1784 148 heb ik loch vrouwen, trats de beste mannen, gras zien maaijen.

156 538 1791 143 aar Wischman, die ons zedert Berlyn, dus et zedert den 25 July, altyd

151 613 1775 132 reder had, thans na zeijzzig verkoos tezug te keeren, hebbende volgens

155 676 1801 133 yn zeggen van wat schade van zyne Freyberger reis gehad, konden

157 741 1752 124 niet langer van zyn ryting gebruik maken, welligt hadden wy

156 810 1791 121 en anders by ons gehouden tot Fransfort of Hanan waartoe hy

144 874 1771 122 ok niet ongenegen scheen, doch nu wilde hy hoe eer zoo liever naar

140 932 1776 137 zyne woonplaats tang wy wenschten elkanderen dus wederzydscheene

141 995 1835 139 oorspoedige wis toe De Mademie van Iena en 1555 gesticht telt thans

140 1061 1814 136 Gew: Hoogleeraren en tusschen de 4 en 500 studenten: zoo streng als deeze

142 1122 1820 143 laatste te Gottingen onder discipline gehouden worden zoo vry en onge

145 1188 1841 136 gereerd leven deeze hier, daar de Professoren als 't ware vang voor hun zyn:

139 1256 1824 149 haar het aan niemand geoorlooft is met pijper over straat te gaan ma¬

138 1325 1838 152 en de studenten hier van eene uitzondering en zoo genieten zy duizend

135 1408 1822 143 vorregten meer: daar men gedurig vreest dat deeze academie te niet

136 1482 1766 136 allopen wordt op dezelve met opene armen ontvangen al wat

135 1556 1781 145 van Göttingen, Berlin, stalle of Leijssig gerelegueerd of geconci

134 1625 1828 131 keerd is en zulken promoveren hier summa cum lande. In ons loge„

1673 1692 272 60 aangesproken

134 1710 1830 111 ment aan de markt (zie N=o) aan table d' note etende wierden wij door

134 1770 1774 128 twee studenten, die ons waarschynlyk Holland ech noorden spreken

137 1846 1802 121 en die wy zas bevonden landslieden van ons te zyn: de éen was eene

1648 1898 235 52 welke laatste

143 1911 1788 127 Hartog van Bommel en de andere eenen Roest van Arnhem die vol

138 1975 1812 133 komen myn gezegde van straks bewaarheid: dit is namelyk de

140 2043 1809 132 zesde Academie die hy bezoekt; te Gottingen is hy om zyne menigval=

140 2116 1826 121 dige duels geconcilieerd, te Berlinzagen wij gedurende ons verblyf

139 2187 1813 139 aldaar, zyne relegatie nog aan het zwarte bred staan, daar had hy

135 2262 1840 122 ook nog dat vriendlyke afscheid van Pheiffer Genomen die voor al

134 2335 1846 131 zyn leven een gedugt lidteken in het Gezicht heeft gekregen, korton

0 849 34 69 1

0 729 80 88 20

0 581 93 66 Lanng

0 644 88 70 144
