2083 2540
576 1 167 59 ontn

419 9 143 52 pers

1872 41 102 65 24.

169 61 1803 150 wy nog de Bruder en de Domkerk in welke laatste eenige houwes zyn

172 149 1723 132 die goed bewerkt schenen; voorts hingen in dezelve 6 groote schilden

170 209 1820 140 waarop in vergulden letters de namen der in het 1814 uitgetrokkene vryj=

174 293 915 121 villigens met het volgend opschrift

184 310 1766 185 Cassels söhne, die sich in Jakre 18140 den Vaterlande, unter ansukrung

467 427 941 114 des tapferen Kurprinses, weiheten

165 475 1835 138 De Keurprins had dan ook nog een zevende schild waarop zine naam was.

160 568 1765 120 van de Kweekschool voor onderwizers, waarvan de Heer Knieriem

157 627 1822 113 thans directeur is, zal ik niets melden dan dat wij thans 32 Iammaris,

160 686 1801 121 ten vonden zynde er nog 20 buiten huis, door gebrek aan tijd was het in

161 747 1826 130 tituat zeer verminderd was volgens het oordeel van Prof=s van Swinderen,

163 816 1776 118 ne hier in 1809 ook geweest had en wiens brief gy lezen kunt in de

159 871 1754 133 neergemelde reis van bladzyde 170 - 188 van het eerste deel, alwaar

157 930 1817 145 HoogGel: zeer omslagtig over deeze inrichting handelt. De direc

158 993 1847 154 tenr scheen ook in t geheel niet ingenomen met de Keurvorst omtrend

157 1060 1837 156 wier hy zich zeer vrij tegen ons uit liet, ja zelf by gelegenheid dat wy

160 1126 1805 157 in de Comedie de maitres en eenige onechte kinderen van den vorst

167 1187 1822 148 „eene loge aan het toncel zagen zetten, vertelde hy ons de gansche

166 1258 1822 149 hronique Standaleuse van de Keurvorst. In 't algemeen schynthy

161 1332 1824 145 neer gehaal dan bemind te zyn hetgeen grootendeels veroorzaakt

1820 1393 162 53 ouden

157 1403 1839 156 wordt door zyne overdrevene zucht om alles weder op den voet

160 1482 1842 144 te hebben: om zich hiervan te overtuigen, behoeft men slegts even als

156 1551 1823 156 by eene parade van het Guarnizoen by te woonen, dan kan men zich

150 1628 1847 138 wel verbeelden een twintig jaar agter uit te zyn, hebbende alle militai=

156 1705 1841 137 ren wit gepoederd haar met lange staarten, een groote driekantige

154 1781 1807 132 hoed op het meestal 40 of 50 jarige hoofd, terwyl alle onderofficieren

154 1844 1827 145 & veele officieren vervaarlijke stokken in de hand hebben. Dan Keur„

158 1911 1796 129 vorst voor de eerste lis ziende schrikte ik inderdaad voor

157 1973 1777 150 hem daar het hy een gezwel veel groter dan een zware ly

157 2039 1829 168 op zyn linker wang heeft hetgeen op zyn schouder gedeelte

160 2123 1833 173 lyk rust doch onder het gaan geduzig op en neder wijt, Het ob„

163 2198 1839 142 servatorium hebben wy tot nu toe om verschillende redenen niet kun„

159 2274 1857 149 nen zien mogelyk dat het ons gedurende ons verblyf alhier nog geluk„
