2083 2540
169 25 1862 179 diepinge, die in deeze uine zijn, ziet men wederom den majestaenten Rynstroow

164 159 1862 97 voor zich of liever onder zich, dan nu is het gezicht naar de kant van Meutz

162 212 1842 122 door de bergen ol belemmerd doch aan de regtenkant ziet staart het oog

162 276 1863 124 met genoegen op de rivier die al bruischende en over de klyppen schunende

154 337 1834 119 zich door het Burgerloch eenen weg zoekt te banen, terwyl men voor zich

158 402 1848 124 de stad Brrgen aanschouwt en de kleine riier de nate die insgelyks

160 462 1848 122 op de overzyde met geweld van onder een steenen brug komt aan Aro=

162 529 1859 123 men en zich in de Ryn wvergt:t terwijl men op eenige afstand midden in

153 589 1876 131 dezelve de oude met mos begroeide muize toren ontdekt van deeze hoogte

155 659 1859 127 zich men ook duidelyk de verschillende kleuren van het water daar het

150 720 1894 132 roode of vrumagtige Main water, schoon by ments reeds in den Ryn geval

150 784 1881 133 len nog gestadig langs den regteroever vloeit en zich met het zee groe„

149 857 1847 137 ne Rynwater nog niet vermengt heeft. Nog dieper in het bosch gaande

146 922 1860 126 kwamen wy door eene kunstige grot, die zamelyk lang is, aan het cas=

152 992 1836 120 teel van den Graaf waarthans alleen een Iager woont: schoon hier

152 1060 1806 122 de Ryn niet ziende vertoeft men gaarne hier eenige oogenblikken

150 1136 1881 102 om hier weder schoone recht verhevere gezichten van een geheel ander

146 1203 1885 118 aard, over de woeste zich achter elkanderen verhefpende bergen, te gene

150 1273 1877 126 ten, om is te toonen dat ik niet alleen met dit Niederwald, dat ruim 400

152 1328 1854 119 morgen groot is, veel op het laat ik hier de woorden van Vink volgen

140 1391 1831 121 „die hy op bl 128 van zyne Ansichten des Reines gebruikt: „ Het is zeker,

154 1465 1869 118 zegthy, dat de Graaf van Ostein geen schoner oord konde kiezen, om

150 1530 1844 129 „daarvan een Engelschen aanleg te maken dan dit Niederwald.

151 1591 1844 132 „ Ik heb Schwetzingen, den Schonen Busch, Görlitz, Nymphenburg,

152 1661 1832 113 „en andere vorstelyke tuinen Gezien; maar wat zyn die kleine

160 1728 1842 124 „lustboschjes en slingerpaadjes, die met stenen te zamen gelapte

153 1796 1833 125 „Ruinen, die vyvertjes en beekjes, by die groote door wonden &

154 1862 1860 117 „rotsen omgevene dalen, bij die hooge burgen en bergkastelen, by

153 1931 1865 123 „dien heerlyker Rynstroom, welke nu eens rustig en majestaeus

132 2001 1891 118 „als een groote Zee, en dan weer wild en schuimend als een water¬

153 2065 1857 121 „val, aan den voet van het Niederwald voorby vliet. Ik geloof, dat,

152 2136 1875 114 „buiten Zwitserland en Twoli, Europa geen land aanwyzen kan, waar

143 2197 1876 112 „zich in den korten afstand van nog geen honderd schreden zoo veel

147 2271 1844 136 „behoorlyk afwisselende beelden der Natuur vertoonen, als hier.

1933 54 98 63 166
