2083 2540
177 1 1763 226 communiceerd had - dat deed ook al niet af; het vest van allen was dus

177 140 1808 162 aar zyne propositie aantenemen daar wij nog wel drie dagen zoo konden

174 212 1757 144 atsukkelen en zeker dien nagt een zeer slegt verblyf zouden hebben

178 278 1781 145 aldien wy niet te wesel kwamen. Na hem dus zin 21 kroon Thaler eer

175 344 1788 147 geworpen dan toegetelt en een aandoenlyk afscheid van hem genomen te

170 413 1792 145 ben stapten wy alle zeven met een zyner knegten in de boot en woeiden

176 479 1776 147 ont zonder Rhoeroort aante doen en dus zonder iets te gebruiken.

180 543 1782 152 spoedig wierden wy door een gedugte tegenvui verfrict die welgeen

175 620 1764 150 vloed had op onze pakagie waarover eenige makten, zeildoeken en

177 687 1795 159 degt waren, maar ons zelven door en door nat maakte, dat hierby

173 753 1797 169 enige douceur in stilte en overluid aan onzen scheepskapitein Douk

172 819 1816 178 zegd wierd behoeft wel Geene verzekering te meer doen zyn knegt ons

174 898 1774 158 eide dat hy wel verheugt zou zyn ons zoo kwyt geworden te zyn,

172 966 1791 173 daar hy nu zyn cajuit niet alleen ledig had, maar ook de gansche

173 1031 1817 154 lagte Rhoeroort kon blyven waar zyne gansche familje woonde, die

180 1097 1803 183 in eenige tyd niet gezien had, want dat het geen hy aan het kan

167 1163 1771 171 oor te doen had, spoedig afgelopen was, verbeeld u lens hoe boos wy

169 1241 1844 168 varen toen wy dat alles nadagten; dan wat baatte zulks wij wa

169 1309 1849 165 en nu in het schuittje en moesten er mee voort zoo als het spreek„

166 1390 1826 161 voord regt. Nu ons schuittje ging dan ook voort en tas dreven wy

173 1453 1843 174 het dorpje Baarl en het stadje Orsoy, waar de rivier zeer breed is,

166 1527 1833 164 voorby: in eene herberg aan de lunker-oever onder Ossenberg behoren

167 1593 1807 167 de hielden wy ons wat op gebruikten een kop koffy met het eerste

167 1662 1831 177 wijgenbrood, 't geen evenwel nog slecht was; en droogden ouze klede

168 1741 1815 168 ten zoo goed mogelyk by de Macchel: beide man en vrouw spraken

164 1811 1835 176 het Hollandsch Zamelyk goed hetgeen ik my van de eerste wel kon be

162 1874 1841 184 grypen daar hy jaarlyks met veesten in ons land kwam: een Pruissi„

155 1968 1857 160 sche Gensd' arme vroeg ons hier onze passen en daar wy hem dezelve

161 2034 1828 156 niet terstond toonden meerde hy geloof een goede buit aan ons

159 2106 1801 190 allen te hebben doch ziende dat deeze in orde waren droop

160 2190 1824 161 ty stilletjes af. Om half zes weder vertrekkende kwamen wy

169 2254 1854 168 na Een groot half uur daarna, zonder eenige dorpen gepasseerd te

175 2333 1816 171 zyn, te wesel aan op eene kleine afstand het stadje Buren Ziende

1906 58 94 88 186
