2083 2540
1931 74 94 54 52.

215 86 1808 137 schreef ik per aspera ad astra, voor zonnen opgang waren wy alle

213 179 1801 123 deze morgen reeds opgeaan om van deeze hoogte dit heerlijke ge¬

208 251 1816 108 zicht te genieten, doch het is al weder als gisteren beneveld en behalven

204 315 1818 107 de Kaale Kruin van de berg en eenige nabij gelegene voorwerpen

200 375 1783 127 ziet men niets, hiervan hebben wij het slegt getroffen, want by

198 447 1789 129 kelder weder ziet men wel 23 uren gaans verre en dus meerdan

205 515 1763 132 1662 vierkante uren? Zoo straks zullen wy den berg verlaten,

206 582 1830 157 waartoe de waard, die hier uit hoofde der strenge konde slagts

206 661 1811 140 gedurende de 3 zomer maanden woont, ons als gids zal dienen

205 742 1822 147 tot dat zyn knegt, dien dagelyks hy verwagt, ons ontmoet en ver¬

1502 817 141 55 dezelve

202 816 1824 159 der medegaat; ik zal deeze brief medenemen en te Elbengero„

203 894 1818 164 de of mooglyk eerder, indien er gelegenheid is, op de post bezor=

213 975 1802 153 gen. van Maagdeburg hoop ik u nader te schrijven en de draad

206 1057 1761 147 weder van dit oogenblik af opvatten vaartwel en tusschen t

211 1149 1163 146 denk eens aan uwen heuwigen vriend

674 1463 291 144 Amile.

1072 1340 851 152 Maagdenburg den 16 July 1816.

211 1524 1843 190 van Elk met een klein bouketje van bloemen, alleen op den Bloksberg groci

212 1642 1848 150 de, vercierd, hetwelk de reizigers by hun vertrek gewoonlyk door de diend

206 1732 1827 126 maagd wordt aangeboden, waarvoor men deeze dan eene kleinigheid

209 1805 1807 117 geeft, wandelden wy om halfzes den Broeken af over de kleine Broeken

205 1866 1800 134 en de Heinrichtihe gaande alwaar men nog de restes van eene her„

194 1933 1832 130 berg die in 1800 na het bouwen van de bovenvermelde is afgebroken

198 2008 1824 123 dat dit dalen, schoon het zeersteil ging, veel gemakyker en minder

197 2077 1834 129 fatiquant was als wij de vorige avond gekomen waren verstaat

195 2151 1825 132 zich van zelve echter viel het onophoudelyk springen van den eenen

193 2225 1813 127 steen op den anderen in 't aind ook lastig. Na langs veele houts„

194 2305 1786 135 Koolbranderyen gekomen te zyn en slechts eenige vrouwen ontmoet

0 1215 203 88 No. van

0 1279 209 73 eeze berg

0 1322 224 80 me Najolea

0 1378 221 91 Brocke ge

0 1008 147 97 Widerhole.
