2083 2540
1922 1 78 84 65

170 45 1823 138 audientie zaal komt men vervolgens in eene schoone koepevormige

162 120 1850 135 spyszaal geheel van marmer en jaspis waarin zeer schoone coloninen

163 187 1855 135 geheel uit een stuk marmor gehouwen, in een hoek stond hier het meta„

160 244 1844 139 len borstbeeld van Karel de XII en eindelyk komt men aan een kamer=

168 321 1821 127 tje waarvan de muren met houten suywerk vereeed zyn, zynde

164 376 1826 128 dit de kamer waar voltaire gewoonlyk werkte, Het hoofdgebouw

164 448 1862 111 verlatende komt men door een reeks van Spis, logeer en woonkamers

165 507 1763 131 van het gevolg en zoo kan men geschikt langs het Iapansche

168 560 1839 143 Palas naar het Neue Palais, een Quartier van daar gelegen, wan„

170 631 1831 145 delen. Dit rensachtig gebouw is mede door Frederik 23 jaren la„

166 710 1782 144 terdan Jans Pouli en wel in 1763, op het einde der Zevenjarige

163 762 1865 144 oorlog, gedicht, de wereld daardoor willende zoonen dat Pruis„

172 835 1837 135 sen door al zyn oorlogen nog niet was te gronde gegaan. men

170 905 1803 143 wilde ons hier zeggen dat er over de 300 kamers en zouden

182 968 1741 150 zyn Bougardt geeft het getal der zalen op 151 op wat

180 1039 1837 150 hiervan zy duaf ik niet bepalen daarwy het gebouw niet iwen„

179 1100 1809 158 dig gezien hebben doch uitwendig trof het ons allen even zeer

185 1184 1713 133 door zyne verbaasden omvang, men regt dat het min

190 1230 1812 163 10 miljoenen gekost heeft. Door de uitgestrekte tuinen en ka=

187 1318 1792 146 nen wandelende naar Potsdam terug wandelende verhaal=

181 1389 1820 159 de ons onze gids dat hier te voren veel harten enz in ge¬

188 1453 1797 146 weest waren waarvan eenige zeer tam waren; dan op ééne

189 1516 1715 163 morgen hadden eenige Fransche officieren alle deeze

186 1581 1781 188 dienen doodgeschoten en de soldaten hier nog niet mede

187 1676 1810 154 te vrede hadden met sabelhouwen al het jong geboomte ver=

191 1739 1796 162 woest waarvan men nog hier en daar de droevige spooren

190 1837 1783 159 zag. Aan ons logement gekomen lieten wy, ten einde vroeg in

193 1914 1751 164 Berlyn te zyn, dadelyk het ryking inspannen, waarmede

198 1983 1841 178 wy om 1 uur Potedam verliezen; wy reden langs eene voortreflyke

207 2088 1781 155 chanssé naar Zehlendorf zynde de eerste station van daar

212 2166 1790 175 op het dorpje Steelitz alwaar wy ons een oogenblikje ophielden

212 2257 1792 165 en vervolgens over Schoucberg op Berlyn reeden: hier zyn
