2083 2540
160 8 1862 174 die en staat ware om ons alles te ontsluiten namen wy dezeis naar boven aan

147 146 1872 120 wy klommen eerst langs de trappen bezyden de waterleiding ter hoogte van

143 202 1881 114 296 trappen toen wy tot de op het reuzengevaarte genaderd dan hoe stonden

142 262 1872 126 wy verbaald hierop eens als op den vlakken grond te staan wanneer men

144 323 1806 110 zyne blikken naar den Kant van het Havikswoud wendt, by dit bosch„

144 390 1864 121 dat tot digt aan de Oitogoon komt, wordt het water voor alle de waterwer=

144 452 1839 115 ken verzameld en met pypen overal in bakken en kommen geleid, om het

143 515 1873 113 ten noodige tyde te kunnen gebruiken. men vindt onder deeze bakken, die

142 576 1858 105 eene grootte en breedte van verscheiden honderd voeten hebben men

141 640 1866 115 zegt zelfs dater een is van 700 voeten lengte & 300 voeten breedte, waar

141 704 1867 125 dus nog al een enkel drupje in geborgen kan worden. Dan om tot den

140 770 1843 121 Octogoor terug te keeren: dit ontzettend gevaarte, 't geen in 1696 onder

141 841 1808 128 Land graaf Karel begonnen & in 1714 voltoord is, bestaat uit verscheiden

138 903 1839 136 over elkanderen gebouwde gewelven, waarvan de ondersten vol=

144 982 1855 117 maakt het aanzien van rotsklompen hebben. Op den grond van deese on

146 1053 1853 124 derste verdieping is eene groote waterbak welke by de 40 voeten in

147 1124 1837 110 omtrek heeft: Op het tweede gedeelte van den Odogoon 't geen een weinig

146 1193 1824 103 meernaar achteren uitspringt is eene zaal door den tegenwoordigen

149 1258 1865 113 Keurvorat en onde gebragt van waar men een heerlyk uitzigt geniet

149 1310 1843 135 Het derde en hoogste gedeelte van den Octogoon wordt door 192 te

147 1390 1856 110 zamen vereenigde pylasters 48 voet hoog zynde gevormd, dit gedeelte

150 1458 1848 109 is van boven geheel plat en door eene valustrade omgeven: hier

150 1528 1835 118 verheft zich nog eene pegramede van 96 voet hoog welke men van

149 1596 1879 114 binnen beklumt om zoo door het elf voeten hooge piedestal in den Knods

149 1663 1867 113 van Hercules te komen. Dit metalen veeld is 30 voet hoog naar den Heren„

155 1731 1872 123 les van Farnese b in 1717 vervaardigt en met oneindige kosten & moeite

157 1797 1877 122 op de pyramide geplaatst. Een geheel gezelschap kan tegelyk in de

151 1872 1825 130 Knods. zetten en door een vengeterste een onbeschryflyk schoon ge=

143 1949 1867 122 zicht genieten: indien wy daaraan gedagt hadden zouden wy onder

160 2026 1838 131 ons 10 Groningers er ingegaan zyn hetwelk gewis met dikwyls

166 2102 1846 128 zal Gebeuren, doch by het opklimmen der laatste vry smalle ladder

167 2180 1826 128 dagten wy er niet aan & kwamen er dus péle méle in. Eene om dezen

159 2250 1858 139 Hereules eene visite te brengen moet men vooraf zyne onderdanen wel raad ple„

1907 32 104 79 30.
