2083 2540
394 1 351 59 personen

164 67 1795 152 echtert voor al de groote spiegels; eene gallery van verschillende zoor

162 180 1786 110 Een marmor deed ook een zeer goed effect. Doch will gy een meesterstuk

161 242 1777 109 ter kunst zien gaat dan naar het zoogenaamde marmeren bad voor in

162 310 1784 104 te Orangezie, nimmer heb ik iets prachtiges in die smaak gezien:

165 369 1797 105 tot gebouw, dat volgens onzen leidsman meer dan een miljoen guldens

168 427 1818 108 ekost heeft, is door den venoemden veeldhouwer P. S. Monnot gemaakt

177 497 1791 107 et is een vierkant vertrek waarvan de vloeren, muren en vercierselen uit

174 564 1793 110 verschillende soorten van zeldsaam marmer, uit jaspis agaat & ande„

184 626 1734 120 steenen bestaa. Het bad zelf is, in het midden, 5 trappen diep en

175 693 1776 114 5 voeten in omtrek; acht Coriitische pijlaren ondersteunen de Koepel

179 756 1763 112 vaardoor het licht invalt, doch wat behoef ik in hier verder over

185 823 1729 117 spreken staat de reizen van Profs van Swinderen open & op blad zyde

178 870 1792 133 62 en 163 zult gy veel vollediger beschryving vinden als ik in stadt

181 945 1729 142 en te geven: alleen voeg ik er by dat aan de buitenzyde een geheele

174 1014 1796 129 oek zerk van de deur was afgeschoten door een kanon Kogel welke

173 1092 1784 113 nernitschef den 30 September 1813 op de stad had afgezonden: wei=

174 1155 1766 121 lukkig dat dit schoone gebouw niet meer beschadigd is geworden.

168 1219 1777 116 ot aandenken hieraan had voornoemde Generaal boven de uitgescho„

177 1281 1751 123 n hoek de woorden 30 September 1813 geplaatst. Naby dit gebouw

164 1353 1757 135 rad men de Aue of Aue-Garten zynde een groote lap gronds die

159 1409 1792 134 ongeveer 4000 voet lang is eene lange linden allee van 140 voeten breed

156 1480 1795 147 brengt en naar eene ontzettend groote vyver die volgens Bongard

157 1557 1779 122 8000 voet en omtrek zoude hebben hetgeen my toch wat vergroot

156 1630 1788 116 voorkomt. Dan zoo zullen nu ook de kerken wel eens aan de beurt

155 1700 1758 133 komen althans die geene welke wy zagen, in de eerste plaats de

158 1771 1801 116 schoone Roomsche Kerk vlak over ons logement Gelegen zy bestaat

152 1841 1826 122 uit een groot vierkant met eenen daarmede verbonden zouden koe„

146 1908 1837 127 pel, eene zy kolomnen ondersteund eene rondgaande galezy waarop

153 1981 1764 139 het ongel geplaatst is: op deeze galery is eene rycoloninen welke

165 2050 1808 147 het koepelvormige dak dragen terwijl het marmeren hoog altaar

162 2131 1803 146 op drie circelvormige trappen midden in de koepel is, dit alles

155 2205 1807 141 vereenigd met eenige goede schilderyen van Tischbein maken deeze

158 2286 1785 142 kerk tot een de schoonsten die ik gezien heb: behalve deeze zagen

1865 68 86 73 23
