2083 2540
1894 50 78 61 122

180 60 1763 128 ken bezigtigen daar men plat op de buik de ingang moet binnen

185 121 1803 129 mipen, eeneklaps bevindt men zich dan in eene groote minte tusschen

180 183 1749 123 sen waarin het licht door eene naauwe opening, de schoorsteen

183 245 1738 130 keuken genoemd, van boven invalk. Hier en daar ziet men aan

178 287 1809 158 weg kruisen en andere rekens ter gedagtenis van menschen die

173 358 1789 135 ter hun leven lieten door van de hoogten aftevallen: voor eenige

171 422 1807 142 nen nog zou een vader eenen boon van de hoogte afrollen terwyl

179 487 1792 150 „zoon met het rytuig er onderstond om de vragt te laden dan

167 552 1783 132 zoude man stortte zelf neder en de zoon moest het geheel en al

162 629 1816 138 vapletterde lyk van zynen vader in plaats van het hout medenee„

161 698 1788 128 men. Door de zoogenaamde stelle gaande, waar het evenwel in plaats

155 772 1776 118 van heet vry nat was, bereikten wi de Zscherren grund waarwy onder

152 836 1767 136 verhooge bomen eenige steenen banken en een steenen kavel vonden

152 905 1748 117 zonder ons echter uittelaaten gingen wy verder naar de Bastey

159 965 1841 113 en vooruitstekende rots 800 voet loodrecht boven de Elve verheven

163 1026 1836 116 naan alle kanten met een hekje omgeven ten einde ongelukken voor

161 1089 1765 124 kkomen op myn vriend hoe Godlyk is het gezicht dat men hier

156 1152 1829 139 vaar alle zyden geniet Agter zich zieh men niets dan uwe natuur

158 1216 1780 138 niets dan Kale rotsen, onder zich de rivier de Elve die zich met

155 1278 1826 157 zine schepen als een klein Kanaal vertoont en rechts en lings zich

157 1361 1785 144 alslingerende tusschen de bergen verliest: schuirs tegen u over

151 1422 1771 156 het gy de vesting konigstein daarover de nog hogere rots Lilien=

155 1504 1764 149 ten alleen door de Elve van elkanderen gescheiden; verder

158 1583 1750 124 vordt het gezicht door de hooge bergen van Bohemen, door de

159 1653 1850 119 tohenslein, door de Groote en Kleine Gano beperkt. Een weinig agter=

161 1726 1803 113 waarts staats een klein huttje waar dagelijks, wanneer het goed

160 1787 1825 126 weder is, iemand komt om de reizigers eenige verversching aante¬

152 1863 1763 127 reden: daar het nog vroeg was vonden wij die persoon er nog

148 1928 1847 121 niet: verbeeld in eene woning op zulk een punt? kort hierbij toon¬

139 1997 1799 120 de onze Gids ons twee rotsen waarmen meerde dat tevoren een

141 2050 1869 132 brug over geweest was daar men aan weersziden op de uiterste

146 2121 1866 129 kanten in de steenen nog duidelijk de sporen der wielen ingedrukt

144 2190 1812 136 iet: hier beklom ik met nog een paar van ons eene rols die lood¬

142 2259 1826 134 regt zich verhief en waarin gaten gekapt waren om de handen

149 2325 1830 145 en voeten in te zetten dat dit voorzigtig in zyn werk moest gaan
