2083 2540
1910 50 83 67 78.

188 56 1819 172 Door de tergenwoordigheid van onze Kroonprins, die met zyne jonge

188 154 1825 130 rouw daags na ons uit Rueland is gekomen, hebben wi ook veel gezien

188 214 1809 137 tot anders niet zoude gebeurd zyn, ter zyner ler wierd er toch eene re„

188 265 1810 146 ne over 24000 man meest Gardes gehouden die de vorige dag gedeel„

185 326 1781 139 elyk van Potsdam, Spandan en andere plaatsen gekomen van de

178 388 1835 147 brandenburger poort aan weerszyden der Linden in verscheiden ge„

182 450 1841 147 lederen, tot voorby het universiteits Gebouw, tot voor het koninglijke

185 516 1826 144 glotstonden: wy hadden gelegenheid hier der Koning van Pruissen met

187 584 1824 141 den Kroonprins, en andere Prinsen van den bloede, onzen kroonprins

184 657 1805 141 met zyne broeder en eene vreeselyke stoet van Generaals, alle op

181 727 1802 142 schoone paarden Gezeten van naby te zien, terwyl onze koningin

184 792 1840 134 en Kroonprinces, Princes Wilhelm en Princes Charlotte van Pruissen

184 853 1777 147 gevolgd van eenige dames d' honneur in staatsie koetsen alle met

207 917 1806 152 paarden bespannen den trein volgden en mede door de opene

191 993 1791 132 geledezen reedden. Overal, waar de stoet passeerde, wierd een

185 1063 1796 158 neerlyk muzyk aangeheven hetgeen dadelyk ophield, als de

177 1137 1834 158 trein gepasseerd was: zoodat men nog van verre kon horen waar

178 1205 1839 159 de Koning was als het gezigt reeds te kort schoot. onder de caval„

179 1278 1815 176 lery die, schoon de inspectie eerst tusschen 12 en 1 was, zich reeds

179 1363 1814 144 om 8 uur door de gansche stad in beweging was, waren veele hu„

177 1427 1857 161 Jaren, gensd' armes en lanciers alle met vaandeltjes aan de lanten

178 1504 1848 155 ook hebben wy gelegenheid gehad de groote Italiaansche Opera„

178 1588 1772 139 die anders des zomers nooit speelt, te zien: op last van den

178 1662 1834 148 koning voerde men, ook al der eer van het doorluchtig paar, dien

183 1746 1836 132 avond het benoemde stuk de Zauberflote van Schikaneder uit

182 1817 1799 146 de decoraties waren alle nieuw voor die avond gemaakt en

185 1887 1830 156 kosteden 30, 000 Thaler. Het orchest was naar mijn inzien uit„

185 1951 1812 145 muntend bezet en alle zongen uitmuntend ik zal in de lyst der

181 2030 1850 159 actens en actrices mededeelen, hier mede kunt gy mooglyk de

183 2110 1849 154 een of ander liefhebber der Toonkunst, die de meede wel by naam

179 2179 1838 147 zal kennen, (want het waren gewis debeste paarden van de stal)

186 2268 1833 152 plaizier doen. De acteurs waren Herren Gern, Blume, die de rol van
