2083 2540
157 9 1859 177 dat wy iets buitengewoons dagen als waar anders zoo geene gelegenheid

152 136 1869 103 toe is als door de toevallige komst van Prins August van Prnssen te Mun

149 190 1873 104 ster de groote revue aldaar, door de tegenwoordigheid van onzen kroonprin

150 246 1871 101 le Berlin de groote revue aldaar, over 241000 man, de uitmunrende reprae

150 304 1872 90 sentatie in de Opera die anders des zomers nooit speelt mede om de

146 355 1880 98 zelfde reden: ook hoorde ik Mad=r Catalani die zich slechte eenige dagen en

147 410 1884 103 Berlin ophield en maar 3 concenten gaf: in de hoofdstad van Taxen warg

146 465 1883 102 wy juist op 's konings naamdag en woonden er de matallatie van een

145 522 1880 109 Medus Chirurgische academie by: dan wat behoef ik dit alles te verhalen

144 582 1881 110 zelf hebt gy ongetwijfeld wel opgemerkt dat het geluk ons menigmaal zoo

142 641 1873 107 tienstig is geweest. met het zyting hebben wy nooit ongeluk gehad hetgeen

137 694 1880 107 wel te verwonderen is daarwij soms op ééne dag (wanneer wij met Extra post

136 746 1881 109 risden) verscheiden wagens kregen waarvan de een bouwvalliger was dat

145 813 1820 106 de andere doch ons goed en wel tot de volgende Station vragt Het

148 868 1844 119 heeft ons mogen gebeuren juict op de dag thuis te komen die wy reeds

147 930 1882 108 voor ons vertrek tot het retour bestemt hadden en toch onze mogelyk

147 996 1873 118 e voren gemaakte reis route, op eenige kleine veranderingen na, volko¬

147 1053 1865 116 men op te volgen hiervan een afschrift aan de onzen hebbende gelaten

147 1103 1869 126 wisten deeze altyjd waar wy ons bevonden en waar dus de brieven te

152 1163 1873 130 dresseren: zonder ééne te missen hebben wy deeze geregeld ontvange

158 1224 1863 130 k vond er te Maagdenburg, Berlin, dresden, Iena, Francfort, Coblent

161 1291 1834 124 wesel terwyl myne reisgenden dikwyls op andere plaatsen brieve

143 1345 1867 140 ontvingen en wy dus alle dag drie, vier, tyding van onze familieen ont

142 1411 1879 132 bekwamen hetgeen niet weinig tot veraangenaming der reis toebragt; nort

149 1477 1862 125 in daar wy, gelyk ik zeide, alle zoo voldaan zyn over onze afgelegde

144 1545 1822 138 eis zal het geheugen daarvan my nog jaren by blyven en ik steeds

142 1619 1281 126 met genoegen aan het zomer van 1816 denken

143 1645 1825 166 mogt gy intusschen met eenig genoegen myne brieven ontvangen &

145 1767 1827 114 gelezen hebben dan is de hartelyke wensch vervult van hem die

144 1831 1821 118 zich by voortduring in uwe vriendschap aanbeveelt en zich met

142 1900 410 113 echting rekent

1349 1914 604 154 uw opregten Vriend
