2083 2540
618 84 1083 161 Extract uit het Tournaal van la Faille

421 180 1388 145 betreklyk het Amalgameerwerk van Treiberg.

173 269 1907 169 van een Ceutenaar Erts komt somtyds maar 6 lood zilver hetgeen nog meer

176 391 1854 120 is dan de zilver mynen van Mesico opleveren, echter zyn er ook enkele

150 455 1931 129 plaatsen waar de Ceutenaar 60 lb zilver oplevent het jaarlyks product van het

143 517 1904 145 Geheele bergwerk in de omtrek van Treidberg is 40 a 50, 000 mark zilver het

143 607 801 101 makk a 16 lost (dus 20 a 25, 000 lb

150 610 1918 164 Boven in het hoofdgebouw van het Amalgamirwerk zager wy 4 Zate. Kamirs

149 712 1895 127 waarde vloergevuld was met kleine hoopjes van gemaalene en gerooste Erts ver¬

147 773 1909 121 mengd met zout zoo dat 10 lb zout op 1 Cent: Erts gaan. Daarna zagen wy het Exts

139 832 1905 120 stampen onder zwaare molens en vervolgens roosten en overs, waar twee kaerels

134 886 1909 125 onophoudelyk gedurende 5 uuren met een soort van hark de voel moeten omteren

136 941 1942 124 Dan wordt deeze gemalene en gerooste erts gezist vervolgens nog eens geroort

137 1007 1944 124 en nog weer gezift, dan komt er het zoutby om door de werking van het Audum

124 1069 1944 110 muriatilum de aardsoorten van de eats te absorveren en het metaal overte laten

129 1134 1946 103 wanneer nu deeze vermenging met zout is geschied doch men er echter weer

130 1195 1942 106 yzer by somtyds wel 70 lb om het overtollige audum muriaticum door de grotere af=

132 1256 1879 117 finiteit weder te decomponeren. deeze operatie geschiedt zynde wordt er de

132 1316 1918 112 Kwik bygevoegd in de proportie van 5 Cent: Kurk, 10 Cent: Erts, &. 3 Cent: water

129 1375 1860 116 en wanneer dit goed door elkander is gemengd is gakt het om het zilver

125 1434 1918 105 aftescheiden van de Kwik, die er zich Chennisch mede verbonden fo heeft, door

125 1497 1954 107 middel van subblimatie: dan heeft men twee machiies van izer even als stom¬

123 1563 1901 108 me knechts met 5 dages waarop ieder een portie dier melange gedaan

118 1630 1855 105 wordt: dan wordt over dit alles een ijzeren suikerbrood gedekt die zeer

117 1677 1950 113 zwaaris waarom men daar een machine by heeft dat door middel van katrol„

118 1753 1913 120 len die stolp opligt of er over heen laatvallen zoo dat één man dit wel doen

114 1816 1937 110 kan - en zoode kurk geheel gesubblimeerd wordende blyft het zilver en form

114 1884 1954 116 van het bord der stomme knegt over de andere metalen masse nu vermengd

110 1953 1934 119 met nikkel, lood, koper enz wordt dan nog eens gegloerd en gesmolten om zoo

109 2016 1923 108 ook die verschillende metalen te scheiden; als ook de aarde waaronder

110 2082 1969 120 nog altyd veel kwik blyft gedaan in een groote bak vol water, dat gedurig

113 2152 1864 104 in beweging wordt gehouden door een groot rad, dit daarin draagt,

113 2218 1928 116 dus wordende aarddeelen in het water opgelost altyd in de rond te

112 2285 1963 119 gevoerd en eindelyk afgetopt wanneer de Kwik, door deszelfs meerdere

116 2353 1886 135 zwaarte, op de grond blift zoo dat daarvan zee weinig verloren gaat.
