2083 2540
214 69 1825 134 te hebben die alle ontzettende vragten houtskool en lange manden op

210 146 1831 135 de rug en het hoofd droegen, kwamen wi in het met onaardige doopje

207 216 1822 112 schierke hier zagen wi eene menigte koeren tusschen de bergen wei=

204 281 1825 108 den alle met bellen aan de hals hetgeen een aangenaam gelund voort

200 340 1854 140 bragt. In het dorp zyn verscheiden groote yzersmederyen waarvan

202 407 1846 127 alles door het water beeoogen wordt als de ontzettende hamers; de

205 469 1781 128 blaasbalk enz daareenige kerels niets deden dan het yzer te

212 534 1807 132 keren en te wenden naar gelang zulks vereischt wierd. vervolgens

207 606 1762 125 over een paar bergen gegaan zynde kwamen wy in een bosch van

205 662 1796 136 34 uur lang waarin ons veele houthakkers, waaronder jongens

206 734 1769 155 van 10 a 12 jaar, tegenkwamen, nog een bosch moesten wij geheel

209 803 1795 140 doortrekken en toen vertoonde zich onverwagt aan onsoog. de

203 876 1810 148 stad Ubingerode waarwy nog een lind wegs meender af te zyn:

205 955 1800 146 vm 10½ staaten wy de stad binnen & insteden een weinig in de

213 1022 1821 172 herberg uit. Onze geds hier terugkerende moesten wy om verder

212 1095 1848 161 te komen nieuwe maatregelen nemen, sommigen wilden verder te voet

217 1165 1820 170 naar Halberstad of althans naar Blankenburg, anderen wilden een

214 1243 1844 181 wagen naar laatstgemelde plaats nemen, waartoe dan ook beslo„

210 1320 1792 180 ten werd en waarvoor wy, schoon het kleine 3 uur was, 3 Thale

210 1411 1808 186 moesten betalen: het ryting nog niet gereed zynde wandelden wy

212 1487 1864 184 maar vooruit en waren ongemerkt te Rubeland, een uur van Elbinger

213 1582 1794 177 de gelegen, gekomen eer wij ons equipage kwam op dagen. Inde

214 1687 1789 170 nabyheid van dit dorp zijnde veroemde Biel- en Baumanstöhle

216 1756 1825 184 waarvan wy, daar zy volkomen gelyk zyn, de grootste, zynde

790 1872 133 70 Die No

222 1837 1847 185 laatstgenoemde, bezogten. In de herberg, alwaar wij onder lieten on

219 1919 1825 160 onzen voerman, als die mogt voorby rejden, te doen wagten, Kregen

213 2001 1864 156 wij weder een soort van bergwerkers pak acc. elk een lamp waarme

212 2076 1843 149 de wy vergezeld van den waard, die de sleutel der ingang van de

216 2153 1816 156 holen heeft, den naburigen berg bestegen. met eenige trappendaalt

215 2250 1800 115 men in dezelve neer wanneer men, na een deur doorgegaan

229 2315 1852 137 te zyn, zich eenklaps in dit onderaardsche hol bevindt. Het is gehal

224 2390 1845 103 natuur en zonder dat de kunst het minut is te gemoet gekomen
