2083 2540
381 1 322 104 personen

137 61 1849 134 zoodanig ontcierd dat het alle indruk er van beneemt; zoo vindt men

136 147 1886 118 toch op eene zeer kleine munte gronds eene schoone en rime groote toucert

130 199 1865 125 raal, een Chineesche tempel, één Turksche mosquée, een zeer net kerkje, eene

129 256 1864 121 zwiksersche boenewoning, een visschers huttje en veele andere gebouwen

131 315 1872 137 waarvan met een opslag van het oog drie, vier te gelyk zigt. Voorts vindt

134 374 1821 140 men hier nog een colossaal geheel op zich zelf staand waterrad van

136 431 1853 136 102 voet diameter hetwelk het water op eenen looren brengt waardoor

135 485 1888 154 eene foutein ter hoogte van 80 voet met eene straat van 13 duim springt: dit

134 554 1809 150 alles wel te verstaan toen de waterwerken nog in order waren, want

137 619 1852 152 thans is alles, uitgenomen eenige kleine fouteyntjes, cascadelletjes, enz

133 690 1828 150 geheel lam: wy wandelden hier vrij wat rond en kwamen nog juist by

134 757 1875 142 lyds en de stad terug om in de Zon à table d' hote te eeten. Hierdoor

133 820 1838 147 zeer versterkt vertrokken wy om twee uur met eenen voor 9 Guldens

124 886 1861 157 afgehuurde wagen naar Munster: de weg derwaarts is alles behalven

133 952 1880 164 aangenaam zynde zeer vervelend en gedeeltelyk en eene regte zyn bylangs

1040 1044 125 56 etpad

142 1024 1866 158 de vaart lopende terwijl het par derwats allerliefst moet zijn; het was

149 1090 1851 160 reeds over acht uuren doen wy deeze oude bisschoplyke stad binnenreden

149 1160 1862 148 aan alles, doch meest aan het geklep en gebeugel eener menigte klokken,

153 1229 1840 173 dadelijk bespeurende dat wij in een Roomsch land waren. In het loge¬

161 1297 1807 147 nent de stad Amsterdam, waarwij afgestapt zijn, spreekt men reeds

151 1370 1845 142 nets als Duitsch, daar de Nastelein en Steinfuat, alwaar wy ons eerste

152 1433 1821 166 buitsche geld ontfingen, beide talen sprak en men de Hollandsche taal

156 1501 1865 174 nog algemeen gebruikte, voornemens zynde morgen hier eenige collegieen

158 1575 1869 163 te horen, adresseerde, wij ons, na lang te vergeefsch in boekwinkels enz gezogt

170 1652 1825 165 te hebben, aan eenige Professoren in het voormalige Tesuiten klooster (thans

163 1726 1850 162 het universcheits gebouw) vergaderd ten einde een oude lectionum te bekomen

161 1791 1860 161 wy wierden eerst zeer onvrieudelyk ontvangen tot dat zy horende dater

157 1855 1887 168 onderons een Professor en dus een Collega van hun was, ons het begeerde dade¬

157 1927 1877 141 lyk met deer veel kromsprongen en vrigingen ter hand stelden. — Dan het zal

151 1995 1888 138 tyd worden dat ik deeze sluit, in eene volgende, waarschynlyk uit Paderbors

152 2071 1847 144 hoop ik un eenige merkwaardigheden van Munster, die wy morgen zullen

161 2153 1697 149 opnemen, te beschryven. Vaartwel intusschen en denk eens ham uwen

1145 2217 508 136 Opregten vriend
