2098 2540
577 92 601 191 Zeventiende Brief.

238 1433 1705 188 N3 deeze Heer Werner overleed den 30 Iuny 1817 te Dresden in het 67

198 1575 1729 107 jaar zyns ouderdoms: hy was Raad der mynen van het Koningryk

167 1641 1748 112 Saxen, assessor van de opperadministratie der Mynen, Hoogleezaa

156 1710 1768 111 in de mineralogie en uitdeling der mynen aan het Mynbeduur

142 1776 1783 110 van Treijberg, Ridder der orde van verdiensten en getrouwheid

146 1838 1794 126 van Saxén, Lid van verscheiden academiëën van wetenschappe

141 1911 1784 115 en van geleerde genootschappen en schryver van verscheiden

140 1979 1796 113 leerde werken. Oplast van den Koning, van wiens Kabinel Werner

148 2048 1824 122 zyne gansche verzameling van natuurlyke hictorie, die op 150000

145 2120 1822 116 Duitsche Kronen begroot wierd, gelegateerd heeft, is deeze geleerde

145 2193 1824 126 man op eene prachtige wyze begraven, gelyk aan die waarmede

145 2266 1312 119 men gewoonlyk Souvereinen ter aarde bestelt.

1143 2280 823 154 Nederl: StaalsCourant Augus 1817.

1958 319 138 119 Wil

1955 397 141 88 als t

1956 467 140 92 hebbe

1957 533 139 83 kunt

1949 606 147 80 niet.

1950 668 146 101 Geva

1957 740 139 80 koms

1966 797 130 122 Den

1969 881 127 106 hoog

1959 972 137 57 een a

1961 1042 135 107 door

1956 1114 140 79 om 11

1954 1174 142 109 ren en

1974 1236 122 92 Stend

1984 2287 77 71 een
