2083 2540
1885 34 111 80 64

182 45 1830 174 paleis aan de Heilige Zee gelegen door Frederik Willem den H gebouwd terwijl

175 144 1811 139 het zoogenoemde Paauwen eiland ook allerliefst moet zyn de Branden„

169 197 1838 145 burger poort, die als een truimsboog gebouwd is, weder doorgaande wan

165 252 1856 159 delden wy het eerst naar Tans Souci: dit Kasteel is op eene aanmerk„

165 311 1761 173 lyke hoogte gebouwd waar men van voren nu en dan met eenige

161 375 1782 172 trappen opkomt. het was altyd het geliefkoost verblyf van deszelfs

162 440 1802 194 stichter waarom men dan ook hier weder alles in dier voege heeft

167 505 1862 193 gelaten als het by zyn dood was. voor het slot liet men de begraafplaatsen

164 588 1860 158 van 11 houden en van een paard van Frederik en agter het slot verheft zich

167 657 1865 165 eene Colonnade, als een halve cireel gebouwd, waar de koning gewoonlyk

169 729 1837 156 het parool gaf: van verre zieh men eene Romeinsche ruine welke van

172 802 1815 148 uit een boschje te voorschyn komende wel voldoet, alsmede de molen

169 877 1837 141 waarvan de bekende Ancedote is dat toen de koning deeze molen, wyl

167 941 1837 147 zy zeer het gezigt belemmerde, wilde doen afbreken de molenaar hem

170 1006 1853 144 by het Overkamer Gerichte aanklaagde: de Koning zyne onregtvaardig„

168 1069 1871 154 heid gevoelende had gewild dat de molen in wezen bleef, & in perpetuan

174 1143 1807 160 rei memoriam staat zy ernog. met genoegen zich men ook het in

170 1201 1789 164 wendige van Sans-Souli daarmen vindt ook hier eene bibliotheek

171 1270 1814 171 en nog eigenhandige aantekeningen van Frederik, welke wy echter,

171 1344 1868 181 wyjl men bezig was de bibliotheek te schoonen, niet zagen: onze oude

187 1411 1819 177 podagreuse geleeder, die volgens zyn zeggen nog een Diener des

188 1490 1830 163 Grosen Friederichs geweest was, en met groten eerbied van hem

186 1565 1836 171 sprak, bragt ons toen in het vertrek waar de koning in een arm¬

178 1631 1881 166 stoel gezeten gestorven was, hier was geen ander sieraad hoegenaam

179 1721 1853 155 dan het pontract van Gustaaf Adolf. In de daaraangreuzende

176 1787 1879 165 muziek Kamer staan 4 prachtige Schilpadden lessenaars met paart

183 1867 1773 160 d'amour ingelegt alsmede eene pendule die Trits gewoon was

186 1926 1859 161 zelf alle avonden optewinden waartoe hem de laatste dog de

191 2011 1817 145 krachten ontbroken hadden, dit klokje zoude juist op het mo=

195 2084 1847 145 ment dat hy dierf staan zyn gebleven en na dien tyd niet weder

194 2154 1816 159 opgewonden zyn, het laatste is mogelyk doch ik twifel zeer aan

195 2228 1807 167 het eerste dit zoude ten minsten al zeer toevallig zyn. Door de
