2083 2540
190 50 1832 182 toor onder opzicht van den kundigen Bertuch wiens schoonzoon de H=r Froniep

183 193 1806 98 voorheen Professor te Iena, Halle, Bealin en laastelyk te Stutgaad by den No=

180 244 1876 116 ning van Wurtenberg, thans Medicinaal raad mede aan het kantoor geattacheerd

181 315 1860 101 is; door dezen laatste wierden wy zeer vriendelyk ontvangen: zyn Ed' woonde

173 377 1850 100 onze zyne eigene verzameling waaronder zeer zeldsame stukken voor No„

177 434 1845 111 men als de kop van een Narval met een groot en een klein hooren waarom=

179 492 1837 116 trent men tot nu toe onzeker was geweest en waarvan, buiten een de

175 566 1837 114 gelyk in Engeland, nog geen voorweap bekend is. In de niederlage van

177 620 1866 134 het Industrie kantoor zagen wij ook veele schoone stukken, voor al

173 682 1854 139 scheen my hetzelve ryk in landhaarten te zyn, en aand en Hemel Globe„

168 749 1837 128 in Pruitwerken, Chirurgische instrumenten, boeken enz van dit alle

167 825 1842 131 bekwamen wy eenen zeer uitgebreeden Jatalogus waarby de vastge

168 878 1882 127 stelde prijs tevens is opgegeven: de boven de ingang zieh men het woor

161 945 1829 127 Salve, links boven het Kantoor intra, en boven het magazin Eme.

173 1013 1809 144 De stadskerk, waarin veele graven van Landgraven zyn, prykt met

171 1076 1881 143 eenige schoone schilderijen van Lucas Cranach, voor sommige hangh

171 1149 1857 144 een gordijn dat beneden aan de lyst gesloten en niet dan door behulp

167 1215 1829 151 van den koster kan opgeligt worden. In een soort van Concectorie

169 1281 1870 163 kamer genoegzaam onder het voor zich men een schildery waarop

171 1342 1857 163 uitwendig Melanchton is afgebeeld doch het welk opengeslagen

148 1424 1900 165 zynde Luther in drie Gedaan ten voorstelt, te weten als monnik

154 1484 1894 167 zoo als hy gewoonlyk wordt afgebeeldt, en eindelyk zoo als hy ver¬

159 1566 1844 151 mond als Jonker Jorg heeft moeten vlugten. Ook in deeze kerk

158 1629 1842 154 rust de groote sterder wiens graf niet eens door een zerk wordt

149 1694 1869 165 aangetoond men zeede ons toch dat de Hertog voornomens was hem

158 1769 1864 159 len gedenkteken op te rigten even als voor Schiller, die op het kerk„

162 1845 1799 168 hof in een grafkelder begraven is, waaraan uitwendig niets

156 1924 1872 145 zigtbaar is, op dit zelfde kerkhof rust ook de in 1583 overledene

144 1997 1887 152 Schilder Lucas Cranach. Gothe, dien wy mogelyk ook zouden opgezogt

158 2078 1787 155 hebben, was thans niet en Weimar maar naar Eene badplaats

153 2152 1877 151 om aldaar voor zyne gezondheid te baden te gebruiken. Heerlyk

145 2231 1812 144 zyn de wandelingen die men te Weymiar in het Takk, dat vlak

142 2300 1885 155 aan de stad ligt en naar eene rekening van Bertick is aangelegd

1946 98 101 76 143
