2083 2540
1968 28 73 103 65

202 69 1769 165 heulen zou brengen daar wy, zoo als natuurlyk is, aan onze kant de

202 155 1848 131 ryheid behielden om zoo dikwyls aan land te gaan als wy verkozen,

202 222 1768 150 Gaarn hadden wy deezen schipper tot Dusseldorp en nog liever tot

199 286 1824 158 Nimwegen aangenomen dan hierin had hy geen zin, tot reden gevende,

201 351 1841 166 dat hy van Keulen zyn boot gemakl yker agter een groot schip tegen de

197 427 1808 154 troom op Kreeg, doch daartoe te Nimwegen zoo geene gelegenheid

202 494 1787 153 had, weshalve hem de kosten der verugzeus te groot wierden, en zyn

199 572 1801 150 schuitje hem te nieuw was, om aldaar voor brandhout te verkopen;

199 640 1848 155 het geen de Eigenaars van oude booten, by hunne aankomst te Nimwegen

197 707 1838 163 gewoonlyk doen. Na in het goede logement het Schip, waar muzen, stallen

197 776 1827 170 glanketten Kortom alles met wijnstokken begroed was, een kop koffij ge¬

197 862 1809 149 dronken te hebben, wandelden wy van eenen gids voorzien tusschen de

193 922 1825 179 wynstokken door de hooge bergen op die zich agter Rudeshein verheffen

201 1006 1828 173 en waarop de bekende en benoemde Rudesheimer wyn wast: na eene

193 1077 1816 179 mocilyke kliin van een half uur bereikten wy derzelver top en waren

190 1157 1786 170 aan den ingang van het Niederwald, zynde eene lustplaats van

188 1236 1802 172 den Graaf van Ostein, wiens weerga, wat de uitmuntende gezichten

184 1309 1828 183 betreft, mogelyk nergens is: deeze ingang prykt met een aan alle

185 1381 1849 169 zyden open Lempeltje wiens witte zuilen sterk tegen het donkergroen

186 1460 1832 176 van het bosch afsteken en men van beneden duidelyk zien kan: ok hoe

184 1533 1882 181 verzuklyk is het gezicht dat men van hier op de Ryn en deszelfs over

192 1609 1848 169 zyden geniet, alle deszelfs kroukelingen tot Menszn toe kan men met

188 1677 1843 186 het bloote oog volgen en deeze stad voor het laast nog zeer goed

184 1755 1846 201 zien; regts af schynt zich de zivier tusschen de hooge bergen, te

186 1825 1880 202 die haar van naby insluiten, te verliezen, op de Anker Rynoever

187 1914 1889 186 ziet men juist over zich de Fransche bergen waaronder de Mout

184 1998 1802 170 Tonnerre Schoon meer dan 12 uur van daar Gelegen. Opgetogen

197 2063 1842 192 van het gezicht geene wij hier gezien hadden wandelder wy het

193 2139 1881 216 Niederwald verder binnen en nu bragt men ons door een groot waest

191 2226 1845 186 bosch naar een ander uithoek waarop eene zeer schoone ruine

198 2296 1846 183 door den Graaf van Oosten is gebouwd: van drie verschillende ver¬
