2083 2540
1885 45 82 133 145

169 72 1742 147 zullen breken, kwamen wy by dezelve doch vonden oure moeite vol=

167 147 1841 132 strekt niet beloond daar deeze klok Maria Glorioza genaamd, 400 jaren

167 218 1784 122 jar oud, 30 voet en de omtrek, 27, 500 lb zwaar, die 30000 daalders

161 279 1793 145 gekost heeft, ons allen deerlyk uit de hand viel zoodat ik niemand

156 333 1818 131 raadde om er zoo veel moeite om te doen Immiddels waren onze

168 398 1829 161 rytuigen gereed gemaakt en reden wy de stad weder uit digt langs de

175 469 1772 149 Sadel Petersberg welke de Franschen in 1813 na de batailje van

177 531 1758 153 zeijzig nog zoo lang hebben bezet gehouden: een weinig verder

177 594 1829 154 passeerde ons de Groot Hertog, van Paksen Weimar die van de baden

176 665 1826 178 terugkeerde, I: H politicke klederen zynde en incognito reisende

171 740 1819 151 vernamen wy zulks alleen door onze posteljon, die, om het ly=

170 814 1824 159 ting te laten passeren, geheel uit het spoor wed. Dechansse was

167 882 1839 157 nog al even slecht tot digt aan Gotha; hieren daar waren weder een

173 947 1832 163 gekruisen aan dezelve en een groot zeaken monument uit de der„

176 1021 1826 164 ligjarigen oorlog herkomstig; even als te Blankenburg en Maagde¬

169 1094 1859 174 burgzagen wij weder geheele velden papavers die thans echter

167 1161 1785 165 uitgebloet hadden en met hunne dikke raadknoppen op de

167 1234 1830 150 dunne, steelen wonderlyk vertoonden. In het logement de Moor,

166 1308 1785 156 dat zevens het posthuis is, vonden wy te Gotha een zeer goed

169 1410 1145 143 t verblyf ook was alles er zeer zindelijk.

178 1414 1839 205 Ons slechts een halve dag en Gotha ophoudende kon het niet wel anders

178 1535 1819 164 of wy moesten heden morgen er al vroeg bij zyn om de merkwaardigheden

178 1603 1819 163 der stad optenemen: na dus op ons gemak outbeten te hebben gingen wi

175 1666 1844 162 om buur uit om in het schoone Park eene wandeling te doen: dit is zeer

180 1735 1850 174 lief aangelegt zoo ik my niet bedrieg op een gedeelte der geslegte

178 1811 1821 171 vallen en gedempte gragten: in deszelfs midden verheft zich op

170 1887 1833 188 een hoog terras het groote doch onderwetsche slot dat men op eene

165 1964 1863 170 gernme afstand kan zien: in hetzelve vindt men eene goede biblio„

169 2053 1859 153 theek uit 80, 000 van den bestaande en met eene kleinere van 20 a 30000

155 2126 1812 147 vanden verbonden: de H=r Arnoldi, die den titel van Professor heeft had

161 2200 1858 167 de goedheid ons dezelve te laten zien; ook het locaal is zeer Geschikt.

0 1478 167 139 A: 186.
