2083 2540
1885 34 103 60 31.

151 37 1847 154 gen want deeze moeten ter deege gebruikt worden, met vry wat meer gemak

151 148 1827 115 kwamen wy weder beneden te weten tot de voet der Oitogoon alwaar zich

141 207 1839 117 intusschen een menigte menschen verzameld had, wyl hier de waterwerken

142 272 1837 116 beginnen, tot zoo verre kan men dan ook, door groste omwegen te gebruiken,

136 333 1875 124 zich met het lyking brengen laten. Dezelve namen een aanvang met de forteyn

139 397 1871 109 verbeeldende de kop van Enceladus die onder het gevaarte van den Octogooi

139 464 1850 112 ligt, hy braakt het water altyd ter hoogte van 55 voet uit; een klaps kwa=

145 526 1815 109 men er uit alle hoeken een menigte zoogenoemde bedriegertjes die voor

143 583 1811 119 naamlyk op eene party menschen werkten, die zich in de grot van

141 643 1818 123 Polypheem verzameld hadden, om een aldaar geplaatst water ongel te

142 709 1857 122 hooren, zommige wierden vry wat nat doch voornaamlyk drie dames,

139 776 1874 123 die, uit haar tales gestapt zynde, zich steeds agter af gehouden te had=

138 843 1879 141 den, doch, toen alles scheen afgelopen te zyn, naar eene andere kant

140 911 1857 128 gaande zoodanig in het kruisvuur der batteryen geraakten,

145 977 1786 132 dat zy & ter naauwernood er houden uitkomen. Toen begonde

153 1034 1832 128 rastade van de winterkasten en vloeyde eerst met statigen ernst

152 1115 1853 139 daarna met verdubbelde spelheid langs de leiding op zyde der

149 1190 1832 121 trappen, wij spoeddeden ons naar beneden alwaar wy een keerlyk ge„

143 1252 1867 135 zicht hadden daar de zon juist op deeze massa waterscheer die

142 1323 1883 132 naar een vloegende spiegel geleek: hier is het dat het water hetwelk

141 1395 1852 144 reeds eene lengte van 8oo voeten heeft afgelopen zich over de grot

146 1467 1869 131 van Neptunus zynde zo voet hoog met eene breedte van 40 voet ne¬

147 1538 1881 139 derstont in de groote waterbak van 220 voeten diameter, Nog op

143 1610 1851 152 getogen van dit gezicht begaf zich ieder verder naar beneden &

145 1684 1850 144 wel naar de andere waterval die zoo geheel kunsteloos & uwe

145 1761 1832 140 natuur is, hier toch valt het water dat door de bomen komt aan¬

148 1837 1817 144 vruischen van eene ontzettende hoogte van den eenen steen op den

143 1915 1765 129 anderen (zie plaat No.) en stroomt van daar met geweld naar de

150 1989 1842 139 Duwelsbrug (zie N=o) welke naar de bekende Teufelsbruike in Zwitser=

157 2063 1868 131 land gevormd is. zy kromt zich over eenige toteklompen, tusschen welke

161 2131 1812 129 in de diepte het water vervolgens met geweld nederstont. Dit was

157 2198 1809 156 een voortreflyk gezigt dat ons allen byzonder trofschoon de hoogte
