2083 2540
1880 54 82 87 181

307 45 162 103 geplaveid

173 60 1674 145 acht bebouwd, onder de pleinen munt de Nieuwmarkt uit welke

174 124 1777 146 d eene dubbelde lindelaan omgeven is. Het bezienswaardigste van

172 205 1787 140 alen is zonder twijfel de trotsche Domkerk hetwelk voor een meester

173 261 1735 141 „k van de Gothelte bouwerde wordt gehouden schoon dezelve op

174 308 1793 164 ve na niet voltooit is geworden; men was namelyk van voorne:

180 379 1802 159 om daarmede 2 lorens te verbinden die ieder soo voet hoog zouden

179 446 1807 146 de een is half afgebouwd doch de andere naauwlyks begonnen

172 512 1788 134 de hoogste toren staat een groote kraan waarmede men heeft wil

178 579 1789 138 aantoonen dat het werk niet voltooid is geworden, de legende regt

177 641 1787 147 dat de Duwel den Bouwmeester van boven heeft afgeworpen waarom

1080 706 194 63 e stuk zerk

170 702 1774 142 eze ook in eene overgebogene houding is afgebeeld. Genoeg de kerk

180 765 1776 165 in 1248 begonnen gelyk blykt uit het volgende opschrift boven de in¬

184 886 360 111 g geplaatst

212 861 1045 185 Anno bis mille C quater X dabis octo

202 989 1243 125 cum colit assumptam Clerus Populusque Mariam

203 1045 1208 138 Pracsul Couradus al Hochsteden Generosus

209 1085 1464 151 Ampliat hoc templum, lapidem locat epseque primum

207 1168 1023 115 Anno Milleno ter Cvrgenague jange¬

200 1198 1336 157 Tune novus ille chorus cogut resonare sonorus

172 1227 1762 219 Volgens de Keulsche chrouyk bouwde men en 149en nog aan deeze kerk:

171 1341 1808 154 ie over dit alles bl319 en 320 der brieven over Duitsland: de van binnen is

168 1412 1732 155 de kerk ook zeer fraay met eenige zeer schoone tombes en goede

167 1467 1835 170 schilderyen pryzende wy zagen er een de aanbidding der wyzen uit

166 1530 1814 162 het Oosten voorstellende en in 1410 door eenen Philip Kalf geschilderd

168 1599 1782 174 twelk een meesterstuk is: op twee zystukken, die over het eerste

167 1645 1829 193 geslagen worden en tot deuzen dienen, zich met de H. Ursnta met

161 1718 1788 179 de maagden en de H. Gereord 't geen mede goed geschilderd is.

170 1787 1800 177 In een soort van Kapelletje achter het schoon koor worden hier

168 1860 1834 163 de beenderen der drie Koningen bewaard, die uit het Oosten kwamen

168 1926 1831 171 om het rind Jesus te aanbidden; dit monument heeft de gedaan te

863 2070 619 74 armer a Kgagh en jaspis geschilderde

164 1990 1813 192 van een sarcophaag en bestaat geheel uit Goud, zilver verguld met

162 2061 1805 191 briljanten en schoone op zelver gedrevene erstukjes bezet: behalve

163 2133 1831 194 de autiquiteiten, die er aanzyn, is dit stuk alleen aan wezenlyke

163 2216 1835 167 waarde op 8000,000 geschat: het is oorspronglijk uit Praag geko„

165 2281 1806 174 men en van daar over Transfort naar Keulen gebragt. Aan
