2083 2540
1890 21 105 81 50

205 77 1781 135 verman aantenemen die ons derwaarts zoude kunnen brengen: men had

210 145 1779 130 seenen Bece gerecommandeerd als zeer goedkoop zynde (en zulks bleek

209 208 1819 127 en achteren wel waar te zyn want voor 5 ½ Thaler of 9-18 „ heeft hy ons herwaart

197 267 1815 132 bragt hetgeen toch eene dictantie is van min 18 uur om dien te vinden raap

201 321 1819 130 en wij de eerste de beste jonge van straat op, die, na ons de gansche zamelyk

193 376 1811 131 grote stad. te hebben rondgevoerd, ons by eenen Schulmeester Besius bragt;

194 445 1816 124 dat deeze een tot figuus maakten doen wy hem de propositie deder om ons

199 497 1806 138 naar Maagdenburg te brengen begryptin ligt dan verbeeld en toen wyder

194 554 1819 135 waren Beze gevonden hadden waren wy naauwlyks eenige huizen van ons

197 609 1792 159 logement verwydert: Geeelyk zynde behworden wi den jongen dat hy

189 668 1817 149 ons zoo had doen lopen waarop hy zeer flegmatiek antwoorde sie woll„

194 734 1802 150 ten ja morgen abreisen und sind Fremde mun haven sie noch die ganze

194 799 1815 162 stadt geschen: de spolachtige zoon waarop die kleine vent van 8 — 10 ja=

196 857 1813 144 ren oud en ons dit toevoegde deed ons weder van numens veranderen &

193 921 1833 158 ik kon het niet van my verkrygen hem verder te behyven: met dat al kwa¬

190 986 1834 153 men wy zoo laat in hetlogement dat het overige gezelschap reeds bezig

190 1086 316 111 was te ete

190 1077 1834 170 Halberstad dezen morgen om 6uur verlatende hadden wij voort buiten

194 1191 1795 110 de stad eene uitmuntende chansse aan weerszyden met populieren be

194 1243 1781 131 plant die ons al ras aan het stadje Groningen vragt: ja mijn vriend

190 1298 1830 144 mogelyk zult gy het niet weten dat er nog een tweede Groningen be„

192 1361 1832 131 staat ook wy wisten het niet; dan ook hier is, hetgeen al zeer particu„

192 1423 1778 142 lie is, een Martini kerk wybezochten dezelve verbeeld in echter

192 1491 1790 133 met dat zy met onze Martin kerk kan vergeleken worden den

197 1550 1782 140 toch zoude het w zeer uit de hand vallen want uitwendig schynt

195 1620 1803 142 met het een middelmatig bewoonbaarhuis en om er in te komen

195 1683 1794 138 daalt men eenige trappen in den grond, zoodat, ware het niet de

193 1755 1802 129 Martini kerck van Groningen geweest, wy dezen Lempet gewis met

197 1821 1817 123 zoude. bezogt hebben. Indien wij ons langer hier hadde, opge¬

196 1887 1845 136 houden, zoude ik uit Groninge naar Groningen geschreven heb¬

202 1952 1796 134 ben dan de voerman drong om zoo zeer om afteryden dat hier

202 2022 1798 158 toe geen tyd was ook wilden wi graag zoo spoedig mooglik in

202 2089 1845 161 maagden burg zijn om het voornaamste van die Stad nogheden op¬

204 2158 1842 154 te nemen: nog eenige tyd volgden wy dezelfde uitmuntende chansse

210 2226 1804 146 dan toen draarde onze voerman (waarchglikodechansse gel¬

217 2304 1766 155 daeriey) eenklapslings
