<?xml version='1.0' encoding='UTF-8' standalone='yes'?>
<alto xmlns:xsi="http://www.w3.org/2001/XMLSchema-instance" xmlns="http://www.loc.gov/standards/alto/ns-v4#" xsi:schemaLocation="http://www.loc.gov/standards/alto/ns-v4# http://www.loc.gov/standards/alto/v4/alto-4-2.xsd" SCHEMAVERSION="4.2">
  <Description>
    <MeasurementUnit>pixel</MeasurementUnit>
    <sourceImageInformation>
      <fileName>0123_0552_0179_0123.jpg</fileName>
    </sourceImageInformation>
  </Description>
  <Styles>
    <TextStyle ID="textstyle-None---sans-serif---proportional---None---None---None" FONTTYPE="sans-serif" FONTWIDTH="proportional"/>
  </Styles>
  <Tags/>
  <Layout>
    <Page ID="None" PHYSICAL_IMG_NR="0" WIDTH="2083" HEIGHT="2540">
      <PrintSpace VPOS="0" HPOS="0" HEIGHT="2540" WIDTH="2083">
        <TextBlock ID="region_33b929b0-44da-41d5-a386-5b67a9dffeca" HEIGHT="2385" WIDTH="1864" HPOS="162" VPOS="34">
          <Shape>
            <Polygon POINTS="162,34 2026,34 2026,2419 162,2419"/>
          </Shape>
          <TextLine ID="d0534468-b91e-4ea6-8347-e5edfedeb1b3" HEIGHT="186" WIDTH="1820" HPOS="180" VPOS="34" STYLEREFS="textstyle-None---sans-serif---proportional---None---None---None">
            <Shape>
              <Polygon POINTS="180,55 489,55 569,42 749,51 774,46 789,34 845,34 862,47 872,39 909,38 945,54 997,61 1101,65 1112,54 1129,54 1196,109 1220,100 1248,101 1267,117 1288,109 1304,117 1332,98 1356,113 1368,101 1421,94 1432,102 1444,94 1492,116 1508,106 1548,124 1565,109 1586,109 1617,90 1652,101 1727,98 1743,106 1787,102 1818,87 1846,93 1890,124 1907,125 1923,113 1958,132 1975,117 1983,124 2000,118 2000,161 1963,191 1943,187 1911,160 1890,164 1861,191 1839,173 1823,186 1804,167 1755,168 1743,160 1734,168 1692,164 1681,172 1663,164 1630,186 1584,168 1573,174 1564,167 1520,171 1475,193 1435,176 1428,182 1418,172 1403,181 1384,174 1345,187 1319,171 1289,168 1270,175 1241,203 1231,195 1199,199 1151,168 1107,169 1072,190 1057,179 1002,172 989,182 952,172 943,180 913,180 893,190 874,172 847,172 810,200 752,195 735,180 709,188 694,176 679,176 667,187 636,178 625,187 610,176 586,188 557,190 542,180 513,180 492,198 465,180 422,180 392,207 365,191 354,199 344,192 332,204 311,192 290,211 270,204 252,220 219,191 202,207 180,195"/>
            </Shape>
            <String ID="d0534468-b91e-4ea6-8347-e5edfedeb1b3-dummy-Word" HEIGHT="186" WIDTH="1820" HPOS="180" VPOS="34" CONTENT="wagen ongeveer 5 uur te Blankenburg de laatste stad van het staats geberg">
              <Shape>
                <Polygon POINTS="180,55 489,55 569,42 749,51 774,46 789,34 845,34 862,47 872,39 909,38 945,54 997,61 1101,65 1112,54 1129,54 1196,109 1220,100 1248,101 1267,117 1288,109 1304,117 1332,98 1356,113 1368,101 1421,94 1432,102 1444,94 1492,116 1508,106 1548,124 1565,109 1586,109 1617,90 1652,101 1727,98 1743,106 1787,102 1818,87 1846,93 1890,124 1907,125 1923,113 1958,132 1975,117 1983,124 2000,118 2000,161 1963,191 1943,187 1911,160 1890,164 1861,191 1839,173 1823,186 1804,167 1755,168 1743,160 1734,168 1692,164 1681,172 1663,164 1630,186 1584,168 1573,174 1564,167 1520,171 1475,193 1435,176 1428,182 1418,172 1403,181 1384,174 1345,187 1319,171 1289,168 1270,175 1241,203 1231,195 1199,199 1151,168 1107,169 1072,190 1057,179 1002,172 989,182 952,172 943,180 913,180 893,190 874,172 847,172 810,200 752,195 735,180 709,188 694,176 679,176 667,187 636,178 625,187 610,176 586,188 557,190 542,180 513,180 492,198 465,180 422,180 392,207 365,191 354,199 344,192 332,204 311,192 290,211 270,204 252,220 219,191 202,207 180,195"/>
              </Shape>
            </String>
          </TextLine>
          <TextLine ID="a7db9076-054e-4613-a175-bd322348b8e5" HEIGHT="108" WIDTH="1809" HPOS="189" VPOS="160" STYLEREFS="textstyle-None---sans-serif---proportional---None---None---None">
            <Shape>
              <Polygon POINTS="189,200 220,191 251,220 271,204 291,211 310,192 333,204 346,191 353,198 363,190 391,207 423,180 467,180 493,198 514,180 541,180 558,190 602,188 613,177 626,187 636,179 650,184 658,176 695,176 709,187 722,183 737,190 754,204 777,193 813,199 848,172 874,172 894,188 950,173 961,179 968,172 986,182 998,172 1048,175 1073,188 1098,172 1147,168 1165,171 1209,203 1236,186 1241,191 1258,175 1266,179 1291,168 1322,175 1333,167 1379,168 1411,191 1434,180 1465,195 1506,183 1521,171 1561,167 1571,175 1584,168 1603,180 1629,183 1661,164 1682,171 1694,164 1733,168 1741,160 1756,168 1805,167 1822,184 1840,175 1856,191 1901,160 1912,167 1919,163 1951,191 1964,191 1984,172 1998,177 1998,219 1992,213 1948,228 1922,217 1894,217 1883,228 1872,222 1837,240 1821,224 1801,233 1784,224 1753,240 1721,222 1695,243 1673,221 1647,221 1631,225 1600,251 1585,237 1573,243 1548,225 1527,231 1518,225 1459,225 1447,237 1426,225 1412,236 1366,225 1359,232 1344,228 1311,252 1296,252 1274,232 1222,229 1207,236 1179,229 1160,240 1149,229 1129,237 1115,229 1038,229 1014,238 997,229 934,233 895,248 832,244 823,252 814,244 775,244 756,260 709,255 688,237 675,244 664,237 644,252 634,249 622,260 599,263 553,263 526,246 506,244 474,264 431,256 398,268 386,267 361,244 350,251 310,244 295,245 275,262 260,252 221,245 189,264"/>
            </Shape>
            <String ID="a7db9076-054e-4613-a175-bd322348b8e5-dummy-Word" HEIGHT="108" WIDTH="1809" HPOS="189" VPOS="160" CONTENT="te aan, wy hadden plan om het Kasteel boven op eene rots gelegen, 't welk in">
              <Shape>
                <Polygon POINTS="189,200 220,191 251,220 271,204 291,211 310,192 333,204 346,191 353,198 363,190 391,207 423,180 467,180 493,198 514,180 541,180 558,190 602,188 613,177 626,187 636,179 650,184 658,176 695,176 709,187 722,183 737,190 754,204 777,193 813,199 848,172 874,172 894,188 950,173 961,179 968,172 986,182 998,172 1048,175 1073,188 1098,172 1147,168 1165,171 1209,203 1236,186 1241,191 1258,175 1266,179 1291,168 1322,175 1333,167 1379,168 1411,191 1434,180 1465,195 1506,183 1521,171 1561,167 1571,175 1584,168 1603,180 1629,183 1661,164 1682,171 1694,164 1733,168 1741,160 1756,168 1805,167 1822,184 1840,175 1856,191 1901,160 1912,167 1919,163 1951,191 1964,191 1984,172 1998,177 1998,219 1992,213 1948,228 1922,217 1894,217 1883,228 1872,222 1837,240 1821,224 1801,233 1784,224 1753,240 1721,222 1695,243 1673,221 1647,221 1631,225 1600,251 1585,237 1573,243 1548,225 1527,231 1518,225 1459,225 1447,237 1426,225 1412,236 1366,225 1359,232 1344,228 1311,252 1296,252 1274,232 1222,229 1207,236 1179,229 1160,240 1149,229 1129,237 1115,229 1038,229 1014,238 997,229 934,233 895,248 832,244 823,252 814,244 775,244 756,260 709,255 688,237 675,244 664,237 644,252 634,249 622,260 599,263 553,263 526,246 506,244 474,264 431,256 398,268 386,267 361,244 350,251 310,244 295,245 275,262 260,252 221,245 189,264"/>
              </Shape>
            </String>
          </TextLine>
          <TextLine ID="line_7911e5f0-d7d2-4564-b732-a0cf1811325f" HEIGHT="131" WIDTH="1818" HPOS="186" VPOS="217" STYLEREFS="textstyle-None---sans-serif---proportional---None---None---None">
            <Shape>
              <Polygon POINTS="186,224 208,245 237,249 248,260 277,261 300,241 332,261 362,244 392,266 403,256 418,259 442,237 457,244 465,237 483,243 499,237 531,254 588,261 604,253 620,261 632,249 670,245 683,233 722,252 744,233 842,248 868,241 916,245 939,229 1029,229 1041,240 1063,229 1114,229 1127,237 1135,229 1202,229 1214,236 1227,225 1256,225 1303,253 1346,228 1374,241 1426,228 1472,244 1492,225 1527,234 1543,221 1555,221 1596,249 1611,242 1634,245 1659,225 1694,241 1715,221 1757,239 1784,224 1800,233 1831,217 1857,229 1880,217 1950,217 1960,225 1987,220 2004,229 2004,269 1977,281 1955,270 1932,277 1915,267 1881,266 1852,285 1760,289 1727,283 1704,293 1677,285 1658,297 1633,297 1620,289 1593,313 1579,301 1524,297 1509,282 1487,293 1453,282 1396,297 1378,285 1339,295 1323,289 1301,297 1270,293 1247,310 1208,290 1182,309 1159,314 1113,293 1015,294 985,324 961,305 938,309 926,301 915,309 900,301 887,310 847,298 820,324 795,301 746,301 718,315 710,307 675,309 663,302 653,309 644,303 627,311 621,305 599,313 574,309 558,325 511,325 503,333 476,336 458,322 436,328 420,312 407,318 396,310 378,328 356,306 344,305 319,320 312,313 286,320 256,309 227,329 211,325 186,348"/>
            </Shape>
            <String ID="line_7911e5f0-d7d2-4564-b732-a0cf1811325f-dummy-Word" HEIGHT="131" WIDTH="1818" HPOS="186" VPOS="217" CONTENT="den dertigjarigen oorlog van wat geleden heeft en 215 kamers bevat ook in">
              <Shape>
                <Polygon POINTS="186,224 208,245 237,249 248,260 277,261 300,241 332,261 362,244 392,266 403,256 418,259 442,237 457,244 465,237 483,243 499,237 531,254 588,261 604,253 620,261 632,249 670,245 683,233 722,252 744,233 842,248 868,241 916,245 939,229 1029,229 1041,240 1063,229 1114,229 1127,237 1135,229 1202,229 1214,236 1227,225 1256,225 1303,253 1346,228 1374,241 1426,228 1472,244 1492,225 1527,234 1543,221 1555,221 1596,249 1611,242 1634,245 1659,225 1694,241 1715,221 1757,239 1784,224 1800,233 1831,217 1857,229 1880,217 1950,217 1960,225 1987,220 2004,229 2004,269 1977,281 1955,270 1932,277 1915,267 1881,266 1852,285 1760,289 1727,283 1704,293 1677,285 1658,297 1633,297 1620,289 1593,313 1579,301 1524,297 1509,282 1487,293 1453,282 1396,297 1378,285 1339,295 1323,289 1301,297 1270,293 1247,310 1208,290 1182,309 1159,314 1113,293 1015,294 985,324 961,305 938,309 926,301 915,309 900,301 887,310 847,298 820,324 795,301 746,301 718,315 710,307 675,309 663,302 653,309 644,303 627,311 621,305 599,313 574,309 558,325 511,325 503,333 476,336 458,322 436,328 420,312 407,318 396,310 378,328 356,306 344,305 319,320 312,313 286,320 256,309 227,329 211,325 186,348"/>
              </Shape>
            </String>
          </TextLine>
          <TextLine ID="line_9a44a226-ec07-4208-8884-9d990ecc7c78" HEIGHT="134" WIDTH="1829" HPOS="181" VPOS="266" STYLEREFS="textstyle-None---sans-serif---proportional---None---None---None">
            <Shape>
              <Polygon POINTS="181,301 192,301 211,317 224,305 240,321 259,309 295,324 343,305 356,306 380,327 396,311 404,317 414,310 479,336 512,332 522,324 559,324 578,308 611,324 644,301 652,309 662,301 674,309 692,309 700,301 736,309 744,301 796,300 822,322 849,297 890,308 906,293 938,308 960,305 972,316 989,318 1022,293 1114,293 1143,308 1178,289 1214,289 1242,311 1270,293 1296,292 1332,308 1367,285 1414,295 1443,282 1476,285 1483,292 1506,282 1526,300 1580,300 1594,312 1625,288 1633,296 1656,297 1676,285 1699,293 1729,281 1762,289 1851,285 1880,266 1952,269 2000,286 2010,279 2010,320 1972,344 1922,325 1906,335 1892,331 1878,343 1853,344 1843,337 1826,348 1800,343 1789,332 1773,340 1753,330 1662,328 1608,346 1578,336 1561,340 1532,359 1500,336 1481,349 1461,351 1412,340 1373,361 1351,348 1313,344 1278,371 1257,367 1247,375 1230,367 1222,371 1194,351 1174,363 1144,367 1132,355 1105,364 1078,350 1049,348 1031,364 1016,364 999,352 974,352 966,359 929,352 895,363 885,355 873,364 855,356 828,356 821,363 765,356 704,372 689,360 657,360 614,367 575,387 562,376 517,387 471,376 446,388 372,388 362,395 352,388 341,395 303,396 269,368 258,368 228,379 213,372 181,400"/>
            </Shape>
            <String ID="line_9a44a226-ec07-4208-8884-9d990ecc7c78-dummy-Word" HEIGHT="134" WIDTH="1829" HPOS="181" VPOS="266" CONTENT="wendig te bezie wyl dit slot door het verblif van zded">
              <Shape>
                <Polygon POINTS="181,301 192,301 211,317 224,305 240,321 259,309 295,324 343,305 356,306 380,327 396,311 404,317 414,310 479,336 512,332 522,324 559,324 578,308 611,324 644,301 652,309 662,301 674,309 692,309 700,301 736,309 744,301 796,300 822,322 849,297 890,308 906,293 938,308 960,305 972,316 989,318 1022,293 1114,293 1143,308 1178,289 1214,289 1242,311 1270,293 1296,292 1332,308 1367,285 1414,295 1443,282 1476,285 1483,292 1506,282 1526,300 1580,300 1594,312 1625,288 1633,296 1656,297 1676,285 1699,293 1729,281 1762,289 1851,285 1880,266 1952,269 2000,286 2010,279 2010,320 1972,344 1922,325 1906,335 1892,331 1878,343 1853,344 1843,337 1826,348 1800,343 1789,332 1773,340 1753,330 1662,328 1608,346 1578,336 1561,340 1532,359 1500,336 1481,349 1461,351 1412,340 1373,361 1351,348 1313,344 1278,371 1257,367 1247,375 1230,367 1222,371 1194,351 1174,363 1144,367 1132,355 1105,364 1078,350 1049,348 1031,364 1016,364 999,352 974,352 966,359 929,352 895,363 885,355 873,364 855,356 828,356 821,363 765,356 704,372 689,360 657,360 614,367 575,387 562,376 517,387 471,376 446,388 372,388 362,395 352,388 341,395 303,396 269,368 258,368 228,379 213,372 181,400"/>
              </Shape>
            </String>
          </TextLine>
          <TextLine ID="line_8528a8df-bb13-430c-825f-79caa8dfe41b" HEIGHT="140" WIDTH="1834" HPOS="183" VPOS="328" STYLEREFS="textstyle-None---sans-serif---proportional---None---None---None">
            <Shape>
              <Polygon POINTS="183,395 213,371 249,375 257,367 270,367 304,395 352,387 412,391 448,387 457,379 471,389 479,382 526,379 540,386 560,375 578,383 634,359 691,359 707,371 750,366 765,355 794,366 802,359 823,363 832,355 858,355 872,367 909,355 928,367 940,358 986,351 1029,366 1044,351 1082,351 1114,363 1139,352 1192,350 1246,375 1272,363 1283,367 1308,343 1334,359 1347,347 1379,359 1402,340 1429,339 1457,351 1505,340 1532,359 1581,335 1606,346 1632,343 1648,332 1675,354 1698,351 1728,328 1758,331 1766,339 1793,331 1808,343 1839,343 1847,351 1897,328 1921,335 1932,328 1948,331 1960,343 1999,334 2017,340 2017,382 1976,406 1958,394 1922,412 1890,388 1871,396 1838,396 1817,385 1768,400 1740,389 1713,389 1675,404 1635,393 1588,404 1536,397 1520,412 1503,408 1479,431 1467,432 1451,421 1429,431 1409,411 1393,412 1385,404 1355,404 1348,411 1312,404 1291,423 1255,404 1225,412 1185,451 1164,431 1149,432 1132,447 1116,437 1101,439 1081,419 1069,423 1057,415 1048,423 1000,423 984,412 956,412 943,423 897,416 866,423 857,415 838,427 807,416 761,447 709,432 652,436 626,420 601,420 574,439 540,435 528,423 519,428 489,420 469,435 444,428 405,446 380,440 360,455 348,447 320,468 264,455 246,439 227,439 214,428 183,435"/>
            </Shape>
            <String ID="line_8528a8df-bb13-430c-825f-79caa8dfe41b-word0" HEIGHT="140" WIDTH="1834" HPOS="183" VPOS="328" CONTENT=""/>
          </TextLine>
          <TextLine ID="line_613f71bc-f486-4fcc-86ef-8af4d02e385e" HEIGHT="146" WIDTH="1811" HPOS="174" VPOS="384" STYLEREFS="textstyle-None---sans-serif---proportional---None---None---None">
            <Shape>
              <Polygon POINTS="174,440 213,428 226,439 245,439 263,455 319,468 347,447 360,455 381,439 389,447 404,446 433,423 467,435 489,420 519,428 527,423 539,435 573,439 597,423 633,420 652,436 680,423 694,435 708,432 718,439 741,428 760,431 787,416 817,416 835,427 858,416 866,423 896,419 913,435 928,436 950,432 971,412 984,412 1011,426 1030,420 1041,427 1059,415 1068,423 1080,419 1101,439 1131,447 1148,432 1163,431 1186,451 1234,411 1255,404 1291,423 1312,404 1324,410 1341,403 1403,403 1436,427 1451,421 1472,432 1497,415 1520,412 1536,396 1588,404 1634,392 1674,404 1713,388 1739,388 1769,399 1788,388 1798,395 1816,384 1838,396 1871,396 1890,387 1921,415 1958,392 1976,406 1985,402 1983,445 1920,459 1905,446 1864,446 1827,476 1804,476 1786,458 1755,452 1743,461 1729,453 1709,461 1692,453 1676,469 1649,453 1635,453 1608,469 1588,457 1519,457 1484,483 1470,484 1447,470 1398,476 1377,487 1338,465 1316,477 1272,467 1252,484 1238,473 1209,484 1180,469 1152,477 1133,492 1118,484 1085,484 1059,504 1036,492 1009,492 995,478 982,483 975,476 950,476 938,488 916,492 906,485 893,495 880,486 865,488 839,511 791,504 760,477 750,477 724,499 699,477 664,492 620,492 612,500 564,488 547,500 516,500 499,515 460,492 439,492 431,500 412,500 393,519 331,508 261,530 216,506 208,511 193,500 174,504"/>
            </Shape>
            <String ID="line_613f71bc-f486-4fcc-86ef-8af4d02e385e-dummy-Word" HEIGHT="146" WIDTH="1811" HPOS="174" VPOS="384" CONTENT="duices nog al merkwaardig is; dan just by het enzyden der Stadspoort">
              <Shape>
                <Polygon POINTS="174,440 213,428 226,439 245,439 263,455 319,468 347,447 360,455 381,439 389,447 404,446 433,423 467,435 489,420 519,428 527,423 539,435 573,439 597,423 633,420 652,436 680,423 694,435 708,432 718,439 741,428 760,431 787,416 817,416 835,427 858,416 866,423 896,419 913,435 928,436 950,432 971,412 984,412 1011,426 1030,420 1041,427 1059,415 1068,423 1080,419 1101,439 1131,447 1148,432 1163,431 1186,451 1234,411 1255,404 1291,423 1312,404 1324,410 1341,403 1403,403 1436,427 1451,421 1472,432 1497,415 1520,412 1536,396 1588,404 1634,392 1674,404 1713,388 1739,388 1769,399 1788,388 1798,395 1816,384 1838,396 1871,396 1890,387 1921,415 1958,392 1976,406 1985,402 1983,445 1920,459 1905,446 1864,446 1827,476 1804,476 1786,458 1755,452 1743,461 1729,453 1709,461 1692,453 1676,469 1649,453 1635,453 1608,469 1588,457 1519,457 1484,483 1470,484 1447,470 1398,476 1377,487 1338,465 1316,477 1272,467 1252,484 1238,473 1209,484 1180,469 1152,477 1133,492 1118,484 1085,484 1059,504 1036,492 1009,492 995,478 982,483 975,476 950,476 938,488 916,492 906,485 893,495 880,486 865,488 839,511 791,504 760,477 750,477 724,499 699,477 664,492 620,492 612,500 564,488 547,500 516,500 499,515 460,492 439,492 431,500 412,500 393,519 331,508 261,530 216,506 208,511 193,500 174,504"/>
              </Shape>
            </String>
          </TextLine>
          <TextLine ID="bff03bcb-4d02-44c6-9ffa-bff781bbb22f" HEIGHT="143" WIDTH="1841" HPOS="182" VPOS="444" STYLEREFS="textstyle-None---sans-serif---proportional---None---None---None">
            <Shape>
              <Polygon POINTS="182,503 210,510 216,505 260,530 314,511 329,518 343,510 392,519 408,503 427,503 442,492 467,515 477,507 495,518 511,503 536,503 567,487 590,499 660,499 683,480 713,487 735,476 760,476 789,503 810,511 836,511 859,488 878,483 892,495 903,484 929,492 950,476 1013,479 1060,507 1088,487 1141,482 1183,468 1226,480 1242,472 1256,483 1275,467 1317,476 1329,467 1345,473 1359,460 1371,460 1397,476 1412,468 1430,476 1446,468 1480,487 1493,475 1522,483 1535,475 1544,479 1567,456 1601,472 1634,452 1664,460 1675,452 1699,452 1710,463 1740,452 1778,452 1814,479 1890,444 1906,444 1921,456 1943,451 1960,467 1985,459 2005,479 2023,461 2023,502 1996,502 1937,536 1910,517 1886,541 1855,517 1769,510 1748,524 1725,524 1717,516 1706,524 1683,517 1659,524 1650,516 1625,524 1572,517 1522,544 1495,541 1470,560 1410,532 1359,540 1343,525 1283,525 1239,553 1217,538 1190,544 1179,533 1135,548 1117,540 1079,549 1062,539 1028,537 1002,556 971,556 957,544 945,556 909,555 882,571 821,542 800,556 778,556 755,579 731,576 718,587 706,586 683,566 669,563 658,572 602,545 496,545 476,556 461,545 438,556 424,545 381,556 360,548 336,572 316,556 292,560 278,548 261,548 245,560 214,552 182,579"/>
            </Shape>
            <String ID="bff03bcb-4d02-44c6-9ffa-bff781bbb22f-dummy-Word" HEIGHT="143" WIDTH="1841" HPOS="182" VPOS="444" CONTENT="eenen voerman aantreffende die zich aanbood om ons met een dadelyk na">
              <Shape>
                <Polygon POINTS="182,503 210,510 216,505 260,530 314,511 329,518 343,510 392,519 408,503 427,503 442,492 467,515 477,507 495,518 511,503 536,503 567,487 590,499 660,499 683,480 713,487 735,476 760,476 789,503 810,511 836,511 859,488 878,483 892,495 903,484 929,492 950,476 1013,479 1060,507 1088,487 1141,482 1183,468 1226,480 1242,472 1256,483 1275,467 1317,476 1329,467 1345,473 1359,460 1371,460 1397,476 1412,468 1430,476 1446,468 1480,487 1493,475 1522,483 1535,475 1544,479 1567,456 1601,472 1634,452 1664,460 1675,452 1699,452 1710,463 1740,452 1778,452 1814,479 1890,444 1906,444 1921,456 1943,451 1960,467 1985,459 2005,479 2023,461 2023,502 1996,502 1937,536 1910,517 1886,541 1855,517 1769,510 1748,524 1725,524 1717,516 1706,524 1683,517 1659,524 1650,516 1625,524 1572,517 1522,544 1495,541 1470,560 1410,532 1359,540 1343,525 1283,525 1239,553 1217,538 1190,544 1179,533 1135,548 1117,540 1079,549 1062,539 1028,537 1002,556 971,556 957,544 945,556 909,555 882,571 821,542 800,556 778,556 755,579 731,576 718,587 706,586 683,566 669,563 658,572 602,545 496,545 476,556 461,545 438,556 424,545 381,556 360,548 336,572 316,556 292,560 278,548 261,548 245,560 214,552 182,579"/>
              </Shape>
            </String>
          </TextLine>
          <TextLine ID="line_2e44ed96-a379-4bd2-99ff-a0460f028b9c" HEIGHT="135" WIDTH="1818" HPOS="176" VPOS="509" STYLEREFS="textstyle-None---sans-serif---proportional---None---None---None">
            <Shape>
              <Polygon POINTS="176,553 234,553 243,560 271,549 298,570 309,572 321,561 338,572 365,549 382,557 418,545 435,556 448,548 475,556 497,545 524,545 544,564 568,564 593,580 650,560 679,584 693,576 717,588 730,576 749,580 780,556 798,560 817,541 829,548 864,540 897,560 930,560 959,544 972,556 992,560 1029,537 1054,544 1081,540 1088,547 1096,540 1120,541 1133,549 1142,540 1178,533 1193,548 1204,550 1216,540 1241,556 1269,558 1281,549 1301,549 1336,525 1361,541 1399,541 1409,532 1452,547 1473,537 1484,547 1520,536 1530,541 1561,520 1578,524 1603,517 1624,524 1635,513 1653,524 1675,520 1688,529 1715,516 1747,525 1769,509 1799,520 1834,513 1842,520 1855,517 1881,541 1904,529 1936,537 1969,517 1994,526 1994,567 1973,567 1942,590 1905,571 1871,571 1853,585 1840,577 1827,582 1814,571 1779,578 1732,574 1691,605 1673,606 1619,578 1491,582 1476,597 1440,605 1410,632 1354,590 1327,593 1313,586 1298,597 1279,598 1248,621 1229,620 1216,610 1156,609 1134,594 1116,609 1078,602 1057,613 1036,598 1025,605 985,598 972,609 958,598 926,598 912,612 887,605 848,621 798,605 778,621 757,613 732,636 699,628 677,612 641,640 610,633 597,644 555,607 518,631 479,609 455,613 434,633 398,624 385,613 369,621 356,613 301,609 278,621 246,613 197,641 182,644 176,638"/>
            </Shape>
            <String ID="line_2e44ed96-a379-4bd2-99ff-a0460f028b9c-dummy-Word" HEIGHT="135" WIDTH="1818" HPOS="176" VPOS="509" CONTENT="Halberstad te brengen gaven wij ons voornemen op en reden, zonder ons">
              <Shape>
                <Polygon POINTS="176,553 234,553 243,560 271,549 298,570 309,572 321,561 338,572 365,549 382,557 418,545 435,556 448,548 475,556 497,545 524,545 544,564 568,564 593,580 650,560 679,584 693,576 717,588 730,576 749,580 780,556 798,560 817,541 829,548 864,540 897,560 930,560 959,544 972,556 992,560 1029,537 1054,544 1081,540 1088,547 1096,540 1120,541 1133,549 1142,540 1178,533 1193,548 1204,550 1216,540 1241,556 1269,558 1281,549 1301,549 1336,525 1361,541 1399,541 1409,532 1452,547 1473,537 1484,547 1520,536 1530,541 1561,520 1578,524 1603,517 1624,524 1635,513 1653,524 1675,520 1688,529 1715,516 1747,525 1769,509 1799,520 1834,513 1842,520 1855,517 1881,541 1904,529 1936,537 1969,517 1994,526 1994,567 1973,567 1942,590 1905,571 1871,571 1853,585 1840,577 1827,582 1814,571 1779,578 1732,574 1691,605 1673,606 1619,578 1491,582 1476,597 1440,605 1410,632 1354,590 1327,593 1313,586 1298,597 1279,598 1248,621 1229,620 1216,610 1156,609 1134,594 1116,609 1078,602 1057,613 1036,598 1025,605 985,598 972,609 958,598 926,598 912,612 887,605 848,621 798,605 778,621 757,613 732,636 699,628 677,612 641,640 610,633 597,644 555,607 518,631 479,609 455,613 434,633 398,624 385,613 369,621 356,613 301,609 278,621 246,613 197,641 182,644 176,638"/>
              </Shape>
            </String>
          </TextLine>
          <TextLine ID="line_49e22c43-1711-48b4-9f30-fd48200c54fe" HEIGHT="137" WIDTH="1851" HPOS="175" VPOS="563" STYLEREFS="textstyle-None---sans-serif---proportional---None---None---None">
            <Shape>
              <Polygon POINTS="175,637 185,644 201,628 221,631 255,612 278,620 303,608 320,619 327,612 379,608 400,624 426,615 456,620 468,608 489,608 518,631 544,608 554,608 596,644 609,632 641,639 676,609 705,630 717,627 731,635 757,612 777,620 799,603 823,616 865,600 911,610 921,600 950,607 961,600 973,608 985,596 995,603 1009,596 1024,604 1036,598 1047,608 1058,600 1089,600 1113,623 1123,616 1135,627 1142,620 1166,627 1177,620 1190,624 1211,607 1231,619 1304,588 1355,588 1402,631 1411,631 1441,604 1457,603 1501,580 1602,583 1621,577 1680,605 1709,595 1729,576 1743,583 1778,572 1818,572 1852,586 1874,568 1916,568 1941,591 1961,572 1985,563 2008,585 2026,589 2026,630 2021,625 2004,641 1985,633 1966,644 1945,629 1917,629 1897,649 1845,637 1826,652 1817,643 1776,648 1727,637 1717,646 1694,637 1616,679 1595,664 1583,668 1555,645 1516,662 1497,652 1483,661 1461,656 1451,666 1411,656 1375,680 1330,687 1286,668 1255,684 1217,683 1205,692 1170,684 1152,688 1107,657 1054,700 1011,668 997,672 947,660 905,661 879,672 848,665 823,676 810,668 773,668 753,684 742,680 735,687 693,665 669,668 658,679 618,665 563,680 548,669 512,669 496,679 488,676 472,692 439,680 424,695 406,684 369,699 327,669 297,684 237,672 210,696 175,676"/>
            </Shape>
            <String ID="line_49e22c43-1711-48b4-9f30-fd48200c54fe-dummy-Word" HEIGHT="137" WIDTH="1851" HPOS="175" VPOS="563" CONTENT="optehouden, met een uitmuntend ryting en een span beste paarden terstof">
              <Shape>
                <Polygon POINTS="175,637 185,644 201,628 221,631 255,612 278,620 303,608 320,619 327,612 379,608 400,624 426,615 456,620 468,608 489,608 518,631 544,608 554,608 596,644 609,632 641,639 676,609 705,630 717,627 731,635 757,612 777,620 799,603 823,616 865,600 911,610 921,600 950,607 961,600 973,608 985,596 995,603 1009,596 1024,604 1036,598 1047,608 1058,600 1089,600 1113,623 1123,616 1135,627 1142,620 1166,627 1177,620 1190,624 1211,607 1231,619 1304,588 1355,588 1402,631 1411,631 1441,604 1457,603 1501,580 1602,583 1621,577 1680,605 1709,595 1729,576 1743,583 1778,572 1818,572 1852,586 1874,568 1916,568 1941,591 1961,572 1985,563 2008,585 2026,589 2026,630 2021,625 2004,641 1985,633 1966,644 1945,629 1917,629 1897,649 1845,637 1826,652 1817,643 1776,648 1727,637 1717,646 1694,637 1616,679 1595,664 1583,668 1555,645 1516,662 1497,652 1483,661 1461,656 1451,666 1411,656 1375,680 1330,687 1286,668 1255,684 1217,683 1205,692 1170,684 1152,688 1107,657 1054,700 1011,668 997,672 947,660 905,661 879,672 848,665 823,676 810,668 773,668 753,684 742,680 735,687 693,665 669,668 658,679 618,665 563,680 548,669 512,669 496,679 488,676 472,692 439,680 424,695 406,684 369,699 327,669 297,684 237,672 210,696 175,676"/>
              </Shape>
            </String>
          </TextLine>
          <TextLine ID="line_0f472a87-a58d-4ff8-8cb2-5cd8aab56b31" HEIGHT="136" WIDTH="1823" HPOS="175" VPOS="628" STYLEREFS="textstyle-None---sans-serif---proportional---None---None---None">
            <Shape>
              <Polygon POINTS="175,676 210,696 237,672 297,684 326,668 369,699 406,684 424,695 439,680 472,692 488,676 496,679 512,668 547,668 565,679 617,664 658,679 669,668 692,664 735,687 784,666 823,676 848,664 878,672 905,660 958,660 966,668 1011,668 1054,700 1107,656 1152,688 1170,684 1205,692 1216,683 1255,684 1286,668 1330,687 1376,679 1411,656 1444,659 1451,666 1461,656 1488,660 1504,652 1516,662 1553,645 1583,668 1595,664 1616,679 1694,637 1717,645 1740,637 1776,648 1799,633 1876,640 1896,629 1943,628 1986,660 1998,649 1998,690 1951,725 1911,705 1865,725 1846,717 1831,721 1806,697 1783,701 1768,716 1745,705 1709,705 1673,725 1658,724 1640,706 1621,717 1598,716 1570,732 1548,720 1529,729 1477,724 1454,737 1431,724 1386,760 1348,744 1324,752 1296,724 1273,733 1263,724 1246,732 1231,724 1180,764 1151,756 1135,760 1103,737 1092,744 1081,733 1060,733 1048,745 993,748 985,756 930,721 896,733 880,725 857,733 843,725 820,731 814,725 750,725 739,736 728,729 712,736 696,727 678,740 656,725 577,725 551,740 518,732 482,748 458,741 433,764 384,729 354,744 336,729 315,744 292,732 279,740 268,732 240,740 231,733 204,733 175,748"/>
            </Shape>
            <String ID="line_0f472a87-a58d-4ff8-8cb2-5cd8aab56b31-dummy-Word" HEIGHT="136" WIDTH="1823" HPOS="175" VPOS="628" CONTENT="de andere poort weder uit. Regts afzagen wy op eenige afstand de Roes„">
              <Shape>
                <Polygon POINTS="175,676 210,696 237,672 297,684 326,668 369,699 406,684 424,695 439,680 472,692 488,676 496,679 512,668 547,668 565,679 617,664 658,679 669,668 692,664 735,687 784,666 823,676 848,664 878,672 905,660 958,660 966,668 1011,668 1054,700 1107,656 1152,688 1170,684 1205,692 1216,683 1255,684 1286,668 1330,687 1376,679 1411,656 1444,659 1451,666 1461,656 1488,660 1504,652 1516,662 1553,645 1583,668 1595,664 1616,679 1694,637 1717,645 1740,637 1776,648 1799,633 1876,640 1896,629 1943,628 1986,660 1998,649 1998,690 1951,725 1911,705 1865,725 1846,717 1831,721 1806,697 1783,701 1768,716 1745,705 1709,705 1673,725 1658,724 1640,706 1621,717 1598,716 1570,732 1548,720 1529,729 1477,724 1454,737 1431,724 1386,760 1348,744 1324,752 1296,724 1273,733 1263,724 1246,732 1231,724 1180,764 1151,756 1135,760 1103,737 1092,744 1081,733 1060,733 1048,745 993,748 985,756 930,721 896,733 880,725 857,733 843,725 820,731 814,725 750,725 739,736 728,729 712,736 696,727 678,740 656,725 577,725 551,740 518,732 482,748 458,741 433,764 384,729 354,744 336,729 315,744 292,732 279,740 268,732 240,740 231,733 204,733 175,748"/>
              </Shape>
            </String>
          </TextLine>
          <TextLine ID="f841e757-419e-401b-bfba-fc55be8b3511" HEIGHT="133" WIDTH="1812" HPOS="174" VPOS="696" STYLEREFS="textstyle-None---sans-serif---proportional---None---None---None">
            <Shape>
              <Polygon POINTS="174,730 241,738 268,731 291,743 307,740 329,762 343,764 379,734 420,755 432,751 447,759 515,734 527,734 539,746 566,727 661,727 679,739 691,727 738,735 750,723 792,723 830,727 842,736 888,723 896,731 919,727 942,743 952,735 967,738 992,758 1015,743 1035,750 1058,735 1091,746 1105,735 1126,734 1151,742 1180,766 1211,735 1250,715 1272,735 1286,723 1301,723 1333,739 1357,719 1386,716 1397,727 1421,719 1458,738 1473,731 1489,735 1527,719 1553,719 1573,731 1619,711 1647,711 1667,729 1681,716 1695,719 1713,706 1731,711 1746,704 1757,711 1765,703 1798,703 1805,696 1814,703 1844,696 1868,719 1910,723 1924,712 1949,726 1956,719 1986,718 1986,759 1976,769 1957,763 1936,772 1921,758 1910,758 1873,777 1848,762 1829,770 1795,802 1776,806 1729,778 1672,804 1652,789 1630,797 1550,794 1528,804 1510,786 1502,791 1483,779 1395,790 1387,798 1359,794 1331,806 1294,782 1269,795 1254,786 1226,790 1212,782 1186,782 1174,793 1143,785 1119,805 1090,790 1081,797 1066,790 1052,802 1039,789 1023,789 1006,798 987,797 947,818 907,817 877,789 841,790 799,829 756,798 723,825 685,794 674,793 634,805 609,805 596,797 564,813 555,806 539,812 523,797 482,805 440,794 406,806 372,806 344,794 319,816 296,794 252,814 216,794 188,822 174,816"/>
            </Shape>
            <String ID="f841e757-419e-401b-bfba-fc55be8b3511-dummy-Word" HEIGHT="133" WIDTH="1812" HPOS="174" VPOS="696" CONTENT="trap, en Dansplaats en Teufelsmaner zynde drie zeer stoute partyen van">
              <Shape>
                <Polygon POINTS="174,730 241,738 268,731 291,743 307,740 329,762 343,764 379,734 420,755 432,751 447,759 515,734 527,734 539,746 566,727 661,727 679,739 691,727 738,735 750,723 792,723 830,727 842,736 888,723 896,731 919,727 942,743 952,735 967,738 992,758 1015,743 1035,750 1058,735 1091,746 1105,735 1126,734 1151,742 1180,766 1211,735 1250,715 1272,735 1286,723 1301,723 1333,739 1357,719 1386,716 1397,727 1421,719 1458,738 1473,731 1489,735 1527,719 1553,719 1573,731 1619,711 1647,711 1667,729 1681,716 1695,719 1713,706 1731,711 1746,704 1757,711 1765,703 1798,703 1805,696 1814,703 1844,696 1868,719 1910,723 1924,712 1949,726 1956,719 1986,718 1986,759 1976,769 1957,763 1936,772 1921,758 1910,758 1873,777 1848,762 1829,770 1795,802 1776,806 1729,778 1672,804 1652,789 1630,797 1550,794 1528,804 1510,786 1502,791 1483,779 1395,790 1387,798 1359,794 1331,806 1294,782 1269,795 1254,786 1226,790 1212,782 1186,782 1174,793 1143,785 1119,805 1090,790 1081,797 1066,790 1052,802 1039,789 1023,789 1006,798 987,797 947,818 907,817 877,789 841,790 799,829 756,798 723,825 685,794 674,793 634,805 609,805 596,797 564,813 555,806 539,812 523,797 482,805 440,794 406,806 372,806 344,794 319,816 296,794 252,814 216,794 188,822 174,816"/>
              </Shape>
            </String>
          </TextLine>
          <TextLine ID="line_667b44fa-06ee-4a5f-98e3-31e3b97d376f" HEIGHT="135" WIDTH="1842" HPOS="171" VPOS="758" STYLEREFS="textstyle-None---sans-serif---proportional---None---None---None">
            <Shape>
              <Polygon POINTS="171,817 189,822 217,794 253,814 289,801 309,813 327,813 348,794 369,809 406,809 419,797 441,797 450,806 474,810 529,794 601,797 621,809 652,791 681,809 708,812 721,825 744,805 762,805 798,829 840,790 877,790 910,821 924,813 944,821 984,797 1025,789 1038,789 1050,801 1067,793 1099,793 1117,809 1143,786 1174,794 1188,782 1213,782 1220,789 1228,783 1262,801 1296,781 1325,805 1352,809 1377,789 1428,790 1442,781 1467,781 1481,790 1488,785 1505,801 1525,805 1549,793 1575,798 1583,790 1603,794 1611,786 1632,797 1651,789 1680,802 1723,766 1750,773 1764,765 1805,794 1847,762 1868,773 1875,766 1892,770 1910,758 1934,773 1957,765 1987,794 2013,787 2013,828 1992,828 1982,838 1972,828 1942,828 1908,839 1884,862 1848,832 1817,832 1810,839 1780,832 1766,839 1707,838 1696,847 1672,835 1660,842 1632,835 1607,855 1588,839 1542,839 1519,858 1504,847 1460,861 1425,843 1408,852 1385,843 1355,850 1328,843 1298,854 1265,843 1252,855 1163,847 1152,858 1091,847 1067,862 1025,851 995,870 957,855 930,862 920,855 871,855 853,862 824,855 775,886 725,858 703,866 689,859 647,859 620,868 598,859 591,866 562,862 536,873 520,859 459,859 451,866 437,859 390,882 356,869 332,885 305,870 287,882 257,862 229,862 201,870 171,893"/>
            </Shape>
            <String ID="line_667b44fa-06ee-4a5f-98e3-31e3b97d376f-dummy-Word" HEIGHT="135" WIDTH="1842" HPOS="171" VPOS="758" CONTENT="den staats: beide eerste zyn twee steile rotsmuren waarvan de Rosstrap">
              <Shape>
                <Polygon POINTS="171,817 189,822 217,794 253,814 289,801 309,813 327,813 348,794 369,809 406,809 419,797 441,797 450,806 474,810 529,794 601,797 621,809 652,791 681,809 708,812 721,825 744,805 762,805 798,829 840,790 877,790 910,821 924,813 944,821 984,797 1025,789 1038,789 1050,801 1067,793 1099,793 1117,809 1143,786 1174,794 1188,782 1213,782 1220,789 1228,783 1262,801 1296,781 1325,805 1352,809 1377,789 1428,790 1442,781 1467,781 1481,790 1488,785 1505,801 1525,805 1549,793 1575,798 1583,790 1603,794 1611,786 1632,797 1651,789 1680,802 1723,766 1750,773 1764,765 1805,794 1847,762 1868,773 1875,766 1892,770 1910,758 1934,773 1957,765 1987,794 2013,787 2013,828 1992,828 1982,838 1972,828 1942,828 1908,839 1884,862 1848,832 1817,832 1810,839 1780,832 1766,839 1707,838 1696,847 1672,835 1660,842 1632,835 1607,855 1588,839 1542,839 1519,858 1504,847 1460,861 1425,843 1408,852 1385,843 1355,850 1328,843 1298,854 1265,843 1252,855 1163,847 1152,858 1091,847 1067,862 1025,851 995,870 957,855 930,862 920,855 871,855 853,862 824,855 775,886 725,858 703,866 689,859 647,859 620,868 598,859 591,866 562,862 536,873 520,859 459,859 451,866 437,859 390,882 356,869 332,885 305,870 287,882 257,862 229,862 201,870 171,893"/>
              </Shape>
            </String>
          </TextLine>
          <TextLine ID="ee33e0d4-d951-4107-a80d-ddfa29ad4fb8" HEIGHT="118" WIDTH="1850" HPOS="169" VPOS="829" STYLEREFS="textstyle-None---sans-serif---proportional---None---None---None">
            <Shape>
              <Polygon POINTS="169,896 215,863 231,862 256,862 282,879 311,869 330,882 360,867 390,883 428,859 449,866 475,859 508,878 533,859 551,870 566,859 654,859 692,874 713,855 728,855 771,886 824,855 843,862 884,855 906,870 925,859 970,857 992,871 1024,851 1045,851 1065,862 1091,847 1130,849 1147,858 1158,847 1181,847 1188,854 1195,847 1216,847 1223,854 1250,855 1267,843 1306,843 1325,851 1340,843 1387,843 1397,851 1431,847 1458,862 1470,851 1486,858 1508,846 1536,862 1565,839 1601,858 1616,846 1642,845 1653,855 1667,855 1679,843 1695,846 1706,836 1767,839 1796,831 1810,838 1817,831 1846,831 1881,863 1934,829 1950,842 1967,837 1976,846 1996,834 2019,843 2019,885 2013,891 1997,898 1986,891 1947,911 1930,911 1914,895 1890,888 1799,888 1792,895 1774,888 1764,895 1753,892 1733,908 1705,907 1682,892 1662,892 1638,899 1598,939 1526,902 1508,915 1484,903 1466,907 1440,927 1426,927 1417,918 1392,927 1370,906 1350,904 1322,931 1267,907 1226,927 1182,908 1154,914 1141,908 1124,919 1105,908 1084,919 1070,913 1058,923 962,912 942,931 914,931 881,916 840,916 799,947 783,932 743,925 713,942 660,916 645,919 625,939 595,919 580,931 562,920 539,920 531,927 519,919 462,920 450,927 439,920 409,920 376,942 322,923 301,938 270,924 258,935 243,927 227,935 212,923 197,927 169,920"/>
            </Shape>
            <String ID="ee33e0d4-d951-4107-a80d-ddfa29ad4fb8-dummy-Word" HEIGHT="118" WIDTH="1850" HPOS="169" VPOS="829" CONTENT="zich in eene loodregte hoogte van 600 tot 800 voeten verheft van bovenhelb">
              <Shape>
                <Polygon POINTS="169,896 215,863 231,862 256,862 282,879 311,869 330,882 360,867 390,883 428,859 449,866 475,859 508,878 533,859 551,870 566,859 654,859 692,874 713,855 728,855 771,886 824,855 843,862 884,855 906,870 925,859 970,857 992,871 1024,851 1045,851 1065,862 1091,847 1130,849 1147,858 1158,847 1181,847 1188,854 1195,847 1216,847 1223,854 1250,855 1267,843 1306,843 1325,851 1340,843 1387,843 1397,851 1431,847 1458,862 1470,851 1486,858 1508,846 1536,862 1565,839 1601,858 1616,846 1642,845 1653,855 1667,855 1679,843 1695,846 1706,836 1767,839 1796,831 1810,838 1817,831 1846,831 1881,863 1934,829 1950,842 1967,837 1976,846 1996,834 2019,843 2019,885 2013,891 1997,898 1986,891 1947,911 1930,911 1914,895 1890,888 1799,888 1792,895 1774,888 1764,895 1753,892 1733,908 1705,907 1682,892 1662,892 1638,899 1598,939 1526,902 1508,915 1484,903 1466,907 1440,927 1426,927 1417,918 1392,927 1370,906 1350,904 1322,931 1267,907 1226,927 1182,908 1154,914 1141,908 1124,919 1105,908 1084,919 1070,913 1058,923 962,912 942,931 914,931 881,916 840,916 799,947 783,932 743,925 713,942 660,916 645,919 625,939 595,919 580,931 562,920 539,920 531,927 519,919 462,920 450,927 439,920 409,920 376,942 322,923 301,938 270,924 258,935 243,927 227,935 212,923 197,927 169,920"/>
              </Shape>
            </String>
          </TextLine>
          <TextLine ID="line_0cecd164-0d43-4678-a2ed-248da15a3351" HEIGHT="123" WIDTH="1789" HPOS="172" VPOS="886" STYLEREFS="textstyle-None---sans-serif---proportional---None---None---None">
            <Shape>
              <Polygon POINTS="172,925 185,921 204,937 230,937 242,926 251,933 279,925 361,933 374,925 382,933 389,926 454,925 469,918 492,926 504,918 533,925 542,918 553,924 580,918 606,926 624,942 648,918 685,924 724,918 731,925 767,921 797,949 812,945 841,917 869,914 891,918 912,933 941,933 961,914 1004,925 1028,914 1052,924 1067,917 1091,919 1100,910 1121,921 1170,910 1229,927 1247,909 1268,906 1299,920 1324,902 1339,913 1350,902 1365,902 1392,925 1422,918 1436,926 1468,906 1483,904 1497,913 1525,902 1532,909 1551,908 1576,933 1596,940 1646,894 1678,894 1700,908 1720,901 1732,909 1754,893 1768,898 1800,886 1880,886 1896,895 1911,893 1931,913 1961,907 1961,948 1945,958 1934,955 1912,969 1887,951 1856,951 1844,959 1832,955 1809,975 1788,974 1756,952 1715,952 1700,967 1667,955 1625,962 1602,955 1571,974 1542,970 1523,985 1496,978 1480,963 1444,967 1437,974 1426,966 1408,975 1389,966 1376,974 1334,970 1309,986 1286,967 1267,982 1255,982 1238,967 1212,975 1198,967 1186,979 1145,967 1128,982 1108,982 1094,971 1061,971 1054,978 1037,975 1004,1006 967,971 913,1003 892,986 873,986 850,1009 826,986 812,986 801,975 776,975 745,990 726,975 712,986 695,978 676,994 661,990 636,1006 623,1005 587,979 544,982 511,997 479,990 435,1009 392,980 369,992 363,986 334,989 322,979 293,990 260,983 236,998 190,983 172,997"/>
            </Shape>
            <String ID="line_0cecd164-0d43-4678-a2ed-248da15a3351-dummy-Word" HEIGHT="123" WIDTH="1789" HPOS="172" VPOS="886" CONTENT="zy eenigsints tot de tegenovergelege Dansplaats over en hier tussche">
              <Shape>
                <Polygon POINTS="172,925 185,921 204,937 230,937 242,926 251,933 279,925 361,933 374,925 382,933 389,926 454,925 469,918 492,926 504,918 533,925 542,918 553,924 580,918 606,926 624,942 648,918 685,924 724,918 731,925 767,921 797,949 812,945 841,917 869,914 891,918 912,933 941,933 961,914 1004,925 1028,914 1052,924 1067,917 1091,919 1100,910 1121,921 1170,910 1229,927 1247,909 1268,906 1299,920 1324,902 1339,913 1350,902 1365,902 1392,925 1422,918 1436,926 1468,906 1483,904 1497,913 1525,902 1532,909 1551,908 1576,933 1596,940 1646,894 1678,894 1700,908 1720,901 1732,909 1754,893 1768,898 1800,886 1880,886 1896,895 1911,893 1931,913 1961,907 1961,948 1945,958 1934,955 1912,969 1887,951 1856,951 1844,959 1832,955 1809,975 1788,974 1756,952 1715,952 1700,967 1667,955 1625,962 1602,955 1571,974 1542,970 1523,985 1496,978 1480,963 1444,967 1437,974 1426,966 1408,975 1389,966 1376,974 1334,970 1309,986 1286,967 1267,982 1255,982 1238,967 1212,975 1198,967 1186,979 1145,967 1128,982 1108,982 1094,971 1061,971 1054,978 1037,975 1004,1006 967,971 913,1003 892,986 873,986 850,1009 826,986 812,986 801,975 776,975 745,990 726,975 712,986 695,978 676,994 661,990 636,1006 623,1005 587,979 544,982 511,997 479,990 435,1009 392,980 369,992 363,986 334,989 322,979 293,990 260,983 236,998 190,983 172,997"/>
              </Shape>
            </String>
          </TextLine>
          <TextLine ID="line_1eb07432-2d3a-413f-83ff-17fd367651a5" HEIGHT="133" WIDTH="1854" HPOS="167" VPOS="947" STYLEREFS="textstyle-None---sans-serif---proportional---None---None---None">
            <Shape>
              <Polygon POINTS="167,996 209,989 221,1000 241,980 276,980 305,988 328,1007 391,980 436,1007 451,999 466,1003 478,992 510,996 555,976 590,976 623,1003 636,1004 644,996 677,996 697,976 707,984 726,976 742,991 783,976 790,983 822,984 839,999 859,995 882,972 912,994 961,972 1002,1007 1051,972 1097,972 1109,980 1116,973 1131,979 1140,971 1156,987 1175,988 1193,1004 1229,968 1268,980 1284,964 1314,975 1381,964 1428,979 1447,964 1473,967 1481,961 1499,979 1507,976 1528,991 1602,956 1616,963 1682,953 1696,967 1711,952 1747,952 1764,956 1793,980 1805,980 1829,956 1852,948 1884,948 1928,971 1965,947 1984,957 1994,954 2021,973 2021,1014 1996,1032 1964,1020 1928,1044 1892,1013 1875,1028 1844,1013 1797,1040 1768,1023 1755,1029 1744,1020 1723,1032 1708,1017 1692,1017 1674,1032 1648,1021 1608,1030 1561,1024 1510,1059 1485,1052 1472,1056 1463,1048 1449,1056 1403,1029 1309,1029 1296,1042 1274,1037 1248,1048 1180,1029 1148,1050 1126,1048 1115,1059 1092,1060 1080,1072 1040,1040 1036,1044 1020,1033 1010,1039 983,1036 954,1048 903,1048 877,1033 843,1046 824,1037 809,1043 801,1037 751,1037 697,1071 646,1041 627,1041 608,1058 597,1047 558,1041 513,1074 486,1072 470,1080 436,1058 365,1060 354,1052 331,1064 320,1053 285,1051 263,1060 248,1045 219,1048 189,1068 167,1067"/>
            </Shape>
            <String ID="line_1eb07432-2d3a-413f-83ff-17fd367651a5-dummy-Word" HEIGHT="133" WIDTH="1854" HPOS="167" VPOS="947" CONTENT="stroont in eene allerontzettendde diepte het ewviertje de Bode: de Teufels„">
              <Shape>
                <Polygon POINTS="167,996 209,989 221,1000 241,980 276,980 305,988 328,1007 391,980 436,1007 451,999 466,1003 478,992 510,996 555,976 590,976 623,1003 636,1004 644,996 677,996 697,976 707,984 726,976 742,991 783,976 790,983 822,984 839,999 859,995 882,972 912,994 961,972 1002,1007 1051,972 1097,972 1109,980 1116,973 1131,979 1140,971 1156,987 1175,988 1193,1004 1229,968 1268,980 1284,964 1314,975 1381,964 1428,979 1447,964 1473,967 1481,961 1499,979 1507,976 1528,991 1602,956 1616,963 1682,953 1696,967 1711,952 1747,952 1764,956 1793,980 1805,980 1829,956 1852,948 1884,948 1928,971 1965,947 1984,957 1994,954 2021,973 2021,1014 1996,1032 1964,1020 1928,1044 1892,1013 1875,1028 1844,1013 1797,1040 1768,1023 1755,1029 1744,1020 1723,1032 1708,1017 1692,1017 1674,1032 1648,1021 1608,1030 1561,1024 1510,1059 1485,1052 1472,1056 1463,1048 1449,1056 1403,1029 1309,1029 1296,1042 1274,1037 1248,1048 1180,1029 1148,1050 1126,1048 1115,1059 1092,1060 1080,1072 1040,1040 1036,1044 1020,1033 1010,1039 983,1036 954,1048 903,1048 877,1033 843,1046 824,1037 809,1043 801,1037 751,1037 697,1071 646,1041 627,1041 608,1058 597,1047 558,1041 513,1074 486,1072 470,1080 436,1058 365,1060 354,1052 331,1064 320,1053 285,1051 263,1060 248,1045 219,1048 189,1068 167,1067"/>
              </Shape>
            </String>
          </TextLine>
          <TextLine ID="line_516a376f-7a9a-4008-be78-43507d034a1a" HEIGHT="121" WIDTH="1841" HPOS="173" VPOS="1015" STYLEREFS="textstyle-None---sans-serif---proportional---None---None---None">
            <Shape>
              <Polygon POINTS="173,1073 205,1053 219,1058 238,1046 264,1062 287,1050 314,1050 339,1061 353,1050 391,1061 413,1053 425,1062 442,1061 464,1077 492,1077 519,1069 550,1042 600,1046 608,1038 651,1038 681,1062 706,1069 717,1058 735,1061 756,1047 776,1049 795,1034 879,1034 904,1050 913,1042 969,1045 981,1037 1003,1046 1019,1034 1040,1041 1077,1074 1112,1050 1146,1050 1183,1030 1218,1034 1245,1048 1276,1037 1294,1044 1318,1030 1343,1027 1410,1030 1433,1053 1443,1054 1465,1046 1505,1050 1536,1028 1541,1033 1566,1023 1604,1030 1629,1019 1669,1022 1708,1042 1737,1042 1750,1050 1774,1038 1806,1038 1831,1022 1872,1022 1883,1015 1896,1015 1929,1042 1963,1022 1982,1034 2007,1030 2014,1037 2014,1079 2008,1085 1989,1081 1941,1092 1921,1081 1894,1088 1875,1077 1834,1077 1771,1096 1737,1084 1716,1092 1699,1081 1651,1081 1630,1102 1581,1085 1558,1093 1526,1085 1471,1132 1424,1116 1388,1113 1360,1128 1332,1125 1305,1100 1286,1101 1276,1111 1231,1093 1209,1104 1191,1093 1118,1093 1106,1105 1078,1109 1058,1124 1043,1117 1034,1121 1011,1101 998,1104 991,1097 961,1104 954,1098 940,1104 901,1101 858,1125 846,1124 822,1101 774,1101 729,1116 714,1101 694,1121 673,1101 630,1101 618,1110 574,1101 550,1115 533,1101 493,1136 450,1116 432,1116 419,1105 388,1113 371,1105 313,1105 298,1119 270,1105 231,1105 223,1113 204,1109 173,1133"/>
            </Shape>
            <String ID="line_516a376f-7a9a-4008-be78-43507d034a1a-dummy-Word" HEIGHT="121" WIDTH="1841" HPOS="173" VPOS="1015" CONTENT="maner is een geheel op zich zelf staande rotsklomp welke een verheven">
              <Shape>
                <Polygon POINTS="173,1073 205,1053 219,1058 238,1046 264,1062 287,1050 314,1050 339,1061 353,1050 391,1061 413,1053 425,1062 442,1061 464,1077 492,1077 519,1069 550,1042 600,1046 608,1038 651,1038 681,1062 706,1069 717,1058 735,1061 756,1047 776,1049 795,1034 879,1034 904,1050 913,1042 969,1045 981,1037 1003,1046 1019,1034 1040,1041 1077,1074 1112,1050 1146,1050 1183,1030 1218,1034 1245,1048 1276,1037 1294,1044 1318,1030 1343,1027 1410,1030 1433,1053 1443,1054 1465,1046 1505,1050 1536,1028 1541,1033 1566,1023 1604,1030 1629,1019 1669,1022 1708,1042 1737,1042 1750,1050 1774,1038 1806,1038 1831,1022 1872,1022 1883,1015 1896,1015 1929,1042 1963,1022 1982,1034 2007,1030 2014,1037 2014,1079 2008,1085 1989,1081 1941,1092 1921,1081 1894,1088 1875,1077 1834,1077 1771,1096 1737,1084 1716,1092 1699,1081 1651,1081 1630,1102 1581,1085 1558,1093 1526,1085 1471,1132 1424,1116 1388,1113 1360,1128 1332,1125 1305,1100 1286,1101 1276,1111 1231,1093 1209,1104 1191,1093 1118,1093 1106,1105 1078,1109 1058,1124 1043,1117 1034,1121 1011,1101 998,1104 991,1097 961,1104 954,1098 940,1104 901,1101 858,1125 846,1124 822,1101 774,1101 729,1116 714,1101 694,1121 673,1101 630,1101 618,1110 574,1101 550,1115 533,1101 493,1136 450,1116 432,1116 419,1105 388,1113 371,1105 313,1105 298,1119 270,1105 231,1105 223,1113 204,1109 173,1133"/>
              </Shape>
            </String>
          </TextLine>
          <TextLine ID="line_693ea71d-a38d-49a1-b838-58f127021b52" HEIGHT="122" WIDTH="1831" HPOS="170" VPOS="1079" STYLEREFS="textstyle-None---sans-serif---proportional---None---None---None">
            <Shape>
              <Polygon POINTS="170,1129 187,1127 208,1107 224,1111 248,1103 292,1103 301,1111 340,1110 352,1103 395,1109 406,1103 494,1135 536,1103 552,1114 589,1103 620,1109 626,1103 671,1107 691,1099 700,1107 717,1102 732,1114 753,1099 772,1107 794,1099 803,1107 823,1106 854,1127 898,1103 932,1099 938,1105 956,1097 988,1098 1030,1119 1058,1119 1087,1105 1103,1106 1114,1095 1140,1095 1149,1102 1160,1091 1203,1091 1216,1098 1225,1091 1278,1103 1304,1098 1339,1130 1385,1114 1414,1114 1427,1122 1447,1117 1471,1130 1516,1087 1526,1093 1552,1087 1560,1094 1594,1087 1616,1102 1631,1102 1650,1083 1707,1082 1728,1091 1740,1086 1759,1102 1832,1079 1875,1087 1886,1082 1892,1088 1921,1082 1954,1095 1990,1082 2001,1093 2001,1134 1935,1139 1919,1132 1883,1160 1807,1152 1772,1167 1746,1147 1708,1159 1676,1145 1643,1175 1623,1175 1610,1163 1597,1170 1576,1157 1535,1159 1521,1151 1505,1167 1468,1155 1428,1187 1384,1155 1351,1152 1328,1167 1308,1152 1285,1171 1271,1159 1246,1156 1195,1199 1184,1198 1164,1179 1117,1194 1062,1160 1042,1171 1025,1160 996,1171 975,1167 942,1198 908,1167 879,1192 856,1198 812,1171 774,1163 734,1179 697,1160 651,1170 639,1164 608,1183 585,1171 559,1174 530,1198 512,1201 493,1191 471,1201 456,1198 444,1186 431,1190 394,1167 383,1167 363,1187 332,1170 309,1178 295,1171 244,1175 221,1167 204,1183 170,1191"/>
            </Shape>
            <String ID="line_693ea71d-a38d-49a1-b838-58f127021b52-dummy-Word" HEIGHT="122" WIDTH="1831" HPOS="170" VPOS="1079" CONTENT="schouwspel oplevert (zie N:o) Gaarne hadden wy deeze gevaarten van">
              <Shape>
                <Polygon POINTS="170,1129 187,1127 208,1107 224,1111 248,1103 292,1103 301,1111 340,1110 352,1103 395,1109 406,1103 494,1135 536,1103 552,1114 589,1103 620,1109 626,1103 671,1107 691,1099 700,1107 717,1102 732,1114 753,1099 772,1107 794,1099 803,1107 823,1106 854,1127 898,1103 932,1099 938,1105 956,1097 988,1098 1030,1119 1058,1119 1087,1105 1103,1106 1114,1095 1140,1095 1149,1102 1160,1091 1203,1091 1216,1098 1225,1091 1278,1103 1304,1098 1339,1130 1385,1114 1414,1114 1427,1122 1447,1117 1471,1130 1516,1087 1526,1093 1552,1087 1560,1094 1594,1087 1616,1102 1631,1102 1650,1083 1707,1082 1728,1091 1740,1086 1759,1102 1832,1079 1875,1087 1886,1082 1892,1088 1921,1082 1954,1095 1990,1082 2001,1093 2001,1134 1935,1139 1919,1132 1883,1160 1807,1152 1772,1167 1746,1147 1708,1159 1676,1145 1643,1175 1623,1175 1610,1163 1597,1170 1576,1157 1535,1159 1521,1151 1505,1167 1468,1155 1428,1187 1384,1155 1351,1152 1328,1167 1308,1152 1285,1171 1271,1159 1246,1156 1195,1199 1184,1198 1164,1179 1117,1194 1062,1160 1042,1171 1025,1160 996,1171 975,1167 942,1198 908,1167 879,1192 856,1198 812,1171 774,1163 734,1179 697,1160 651,1170 639,1164 608,1183 585,1171 559,1174 530,1198 512,1201 493,1191 471,1201 456,1198 444,1186 431,1190 394,1167 383,1167 363,1187 332,1170 309,1178 295,1171 244,1175 221,1167 204,1183 170,1191"/>
              </Shape>
            </String>
          </TextLine>
          <TextLine ID="e389f109-4c3e-48ec-949c-471adb6a9e9b" HEIGHT="135" WIDTH="1842" HPOS="172" VPOS="1132" STYLEREFS="textstyle-None---sans-serif---proportional---None---None---None">
            <Shape>
              <Polygon POINTS="172,1205 214,1176 231,1180 248,1164 280,1175 344,1164 373,1178 396,1167 433,1191 446,1187 470,1202 493,1192 518,1207 558,1176 586,1171 602,1183 620,1179 640,1187 659,1180 672,1188 692,1172 708,1186 743,1160 820,1175 857,1199 881,1192 910,1168 941,1192 975,1160 1001,1168 1021,1160 1056,1184 1080,1169 1117,1195 1171,1187 1183,1199 1196,1200 1233,1164 1263,1155 1285,1168 1305,1164 1325,1172 1352,1152 1376,1152 1394,1156 1428,1187 1469,1155 1513,1175 1528,1160 1567,1152 1588,1168 1611,1163 1639,1176 1661,1156 1685,1148 1703,1156 1748,1148 1776,1162 1782,1156 1805,1160 1851,1137 1887,1133 1909,1140 1928,1133 1946,1140 1990,1132 2014,1155 2014,1196 1996,1206 1977,1195 1878,1199 1861,1207 1837,1199 1781,1244 1759,1238 1713,1203 1671,1234 1648,1230 1629,1211 1597,1211 1577,1228 1544,1212 1525,1219 1493,1211 1471,1215 1451,1234 1435,1223 1425,1231 1410,1223 1397,1235 1372,1215 1318,1215 1305,1226 1296,1219 1267,1238 1230,1219 1207,1231 1181,1223 1164,1236 1156,1229 1133,1232 1122,1223 1058,1235 1039,1234 1026,1223 1002,1223 985,1232 958,1231 950,1239 936,1239 914,1223 840,1223 820,1230 777,1223 768,1231 756,1223 731,1223 706,1243 672,1226 613,1234 595,1227 580,1242 547,1255 499,1227 451,1227 434,1228 400,1257 367,1243 335,1266 315,1267 266,1229 214,1226 172,1255"/>
            </Shape>
            <String ID="e389f109-4c3e-48ec-949c-471adb6a9e9b-dummy-Word" HEIGHT="135" WIDTH="1842" HPOS="172" VPOS="1132" CONTENT="nader by gezien en dezelve beklommen dan hiertoe zouden wy meer dan">
              <Shape>
                <Polygon POINTS="172,1205 214,1176 231,1180 248,1164 280,1175 344,1164 373,1178 396,1167 433,1191 446,1187 470,1202 493,1192 518,1207 558,1176 586,1171 602,1183 620,1179 640,1187 659,1180 672,1188 692,1172 708,1186 743,1160 820,1175 857,1199 881,1192 910,1168 941,1192 975,1160 1001,1168 1021,1160 1056,1184 1080,1169 1117,1195 1171,1187 1183,1199 1196,1200 1233,1164 1263,1155 1285,1168 1305,1164 1325,1172 1352,1152 1376,1152 1394,1156 1428,1187 1469,1155 1513,1175 1528,1160 1567,1152 1588,1168 1611,1163 1639,1176 1661,1156 1685,1148 1703,1156 1748,1148 1776,1162 1782,1156 1805,1160 1851,1137 1887,1133 1909,1140 1928,1133 1946,1140 1990,1132 2014,1155 2014,1196 1996,1206 1977,1195 1878,1199 1861,1207 1837,1199 1781,1244 1759,1238 1713,1203 1671,1234 1648,1230 1629,1211 1597,1211 1577,1228 1544,1212 1525,1219 1493,1211 1471,1215 1451,1234 1435,1223 1425,1231 1410,1223 1397,1235 1372,1215 1318,1215 1305,1226 1296,1219 1267,1238 1230,1219 1207,1231 1181,1223 1164,1236 1156,1229 1133,1232 1122,1223 1058,1235 1039,1234 1026,1223 1002,1223 985,1232 958,1231 950,1239 936,1239 914,1223 840,1223 820,1230 777,1223 768,1231 756,1223 731,1223 706,1243 672,1226 613,1234 595,1227 580,1242 547,1255 499,1227 451,1227 434,1228 400,1257 367,1243 335,1266 315,1267 266,1229 214,1226 172,1255"/>
              </Shape>
            </String>
          </TextLine>
          <TextLine ID="d2548156-38bb-4aa2-acca-ae225ae30c87" HEIGHT="136" WIDTH="1835" HPOS="167" VPOS="1194" STYLEREFS="textstyle-None---sans-serif---proportional---None---None---None">
            <Shape>
              <Polygon POINTS="167,1220 198,1222 228,1249 239,1249 265,1228 309,1265 329,1266 349,1246 359,1253 404,1254 451,1226 475,1226 482,1233 496,1226 512,1241 546,1238 557,1246 601,1226 613,1233 629,1226 672,1226 702,1246 732,1222 760,1234 791,1222 913,1222 936,1237 948,1229 980,1236 992,1226 1012,1229 1026,1222 1046,1237 1067,1229 1103,1230 1111,1222 1140,1233 1154,1226 1164,1236 1172,1229 1217,1229 1228,1218 1265,1237 1286,1226 1299,1230 1321,1214 1373,1214 1393,1233 1404,1230 1413,1237 1432,1222 1455,1230 1471,1214 1489,1221 1498,1214 1531,1218 1544,1210 1574,1229 1598,1210 1621,1206 1672,1233 1715,1202 1760,1237 1782,1242 1837,1198 1860,1206 1884,1198 1900,1206 1937,1194 1976,1194 2002,1218 2002,1260 1973,1278 1951,1278 1931,1263 1889,1274 1866,1263 1828,1271 1797,1263 1760,1281 1718,1270 1705,1278 1694,1274 1682,1286 1638,1286 1621,1271 1600,1271 1585,1286 1569,1287 1546,1271 1531,1271 1505,1286 1489,1286 1461,1271 1449,1282 1438,1275 1414,1294 1383,1275 1354,1294 1329,1286 1275,1290 1241,1278 1172,1284 1160,1278 1147,1285 1108,1282 1064,1318 1031,1292 1002,1283 964,1298 947,1286 920,1283 874,1306 836,1295 816,1309 808,1302 789,1305 764,1287 748,1294 719,1287 683,1310 662,1294 645,1298 627,1287 601,1287 546,1321 527,1322 497,1294 457,1330 415,1291 389,1306 321,1294 267,1294 260,1300 250,1294 236,1302 220,1291 201,1294 180,1314 167,1304"/>
            </Shape>
            <String ID="d2548156-38bb-4aa2-acca-ae225ae30c87-dummy-Word" HEIGHT="136" WIDTH="1835" HPOS="167" VPOS="1194" CONTENT="5 uures nodig gehad hebben, wyl wy ons zoo lang in de Banmanstötle">
              <Shape>
                <Polygon POINTS="167,1220 198,1222 228,1249 239,1249 265,1228 309,1265 329,1266 349,1246 359,1253 404,1254 451,1226 475,1226 482,1233 496,1226 512,1241 546,1238 557,1246 601,1226 613,1233 629,1226 672,1226 702,1246 732,1222 760,1234 791,1222 913,1222 936,1237 948,1229 980,1236 992,1226 1012,1229 1026,1222 1046,1237 1067,1229 1103,1230 1111,1222 1140,1233 1154,1226 1164,1236 1172,1229 1217,1229 1228,1218 1265,1237 1286,1226 1299,1230 1321,1214 1373,1214 1393,1233 1404,1230 1413,1237 1432,1222 1455,1230 1471,1214 1489,1221 1498,1214 1531,1218 1544,1210 1574,1229 1598,1210 1621,1206 1672,1233 1715,1202 1760,1237 1782,1242 1837,1198 1860,1206 1884,1198 1900,1206 1937,1194 1976,1194 2002,1218 2002,1260 1973,1278 1951,1278 1931,1263 1889,1274 1866,1263 1828,1271 1797,1263 1760,1281 1718,1270 1705,1278 1694,1274 1682,1286 1638,1286 1621,1271 1600,1271 1585,1286 1569,1287 1546,1271 1531,1271 1505,1286 1489,1286 1461,1271 1449,1282 1438,1275 1414,1294 1383,1275 1354,1294 1329,1286 1275,1290 1241,1278 1172,1284 1160,1278 1147,1285 1108,1282 1064,1318 1031,1292 1002,1283 964,1298 947,1286 920,1283 874,1306 836,1295 816,1309 808,1302 789,1305 764,1287 748,1294 719,1287 683,1310 662,1294 645,1298 627,1287 601,1287 546,1321 527,1322 497,1294 457,1330 415,1291 389,1306 321,1294 267,1294 260,1300 250,1294 236,1302 220,1291 201,1294 180,1314 167,1304"/>
              </Shape>
            </String>
          </TextLine>
          <TextLine ID="line_7f5a568f-b019-430b-8abd-3e537857274c" HEIGHT="132" WIDTH="1827" HPOS="173" VPOS="1258" STYLEREFS="textstyle-None---sans-serif---proportional---None---None---None">
            <Shape>
              <Polygon POINTS="173,1319 207,1290 241,1302 253,1293 275,1301 283,1293 304,1297 322,1291 341,1302 369,1303 381,1293 399,1298 414,1290 465,1320 502,1290 543,1317 603,1286 628,1286 648,1298 662,1294 687,1304 726,1286 744,1294 756,1286 782,1294 828,1286 846,1301 876,1305 902,1286 924,1282 976,1306 1002,1285 1025,1285 1063,1318 1108,1282 1129,1294 1163,1293 1178,1278 1244,1278 1252,1285 1303,1274 1340,1293 1355,1294 1363,1286 1374,1294 1394,1281 1415,1294 1439,1274 1466,1273 1496,1285 1545,1270 1567,1286 1586,1286 1602,1270 1619,1270 1639,1285 1679,1286 1704,1270 1730,1269 1746,1278 1795,1262 1826,1270 1838,1262 1866,1262 1883,1273 1913,1262 1941,1266 1950,1258 1986,1286 2000,1279 2000,1320 1959,1327 1951,1335 1930,1325 1911,1342 1855,1334 1839,1343 1811,1338 1795,1351 1749,1327 1726,1335 1704,1327 1669,1354 1642,1350 1626,1366 1583,1362 1556,1335 1538,1335 1522,1346 1498,1343 1486,1354 1467,1346 1460,1350 1435,1335 1388,1358 1366,1342 1347,1342 1334,1351 1315,1342 1286,1342 1264,1362 1233,1343 1204,1346 1187,1358 1164,1343 1122,1343 1107,1351 1073,1347 1048,1358 1002,1358 990,1350 971,1366 921,1347 896,1347 885,1358 796,1350 742,1358 722,1351 691,1370 673,1362 653,1374 621,1354 602,1366 587,1355 555,1370 540,1358 516,1354 483,1379 459,1378 442,1386 398,1382 390,1390 355,1355 323,1362 304,1358 281,1370 261,1355 223,1360 173,1351"/>
            </Shape>
            <String ID="line_7f5a568f-b019-430b-8abd-3e537857274c-dummy-Word" HEIGHT="132" WIDTH="1827" HPOS="173" VPOS="1258" CONTENT="hadden opgehouden, dien avond niet in Halberstad en bygevolgheden">
              <Shape>
                <Polygon POINTS="173,1319 207,1290 241,1302 253,1293 275,1301 283,1293 304,1297 322,1291 341,1302 369,1303 381,1293 399,1298 414,1290 465,1320 502,1290 543,1317 603,1286 628,1286 648,1298 662,1294 687,1304 726,1286 744,1294 756,1286 782,1294 828,1286 846,1301 876,1305 902,1286 924,1282 976,1306 1002,1285 1025,1285 1063,1318 1108,1282 1129,1294 1163,1293 1178,1278 1244,1278 1252,1285 1303,1274 1340,1293 1355,1294 1363,1286 1374,1294 1394,1281 1415,1294 1439,1274 1466,1273 1496,1285 1545,1270 1567,1286 1586,1286 1602,1270 1619,1270 1639,1285 1679,1286 1704,1270 1730,1269 1746,1278 1795,1262 1826,1270 1838,1262 1866,1262 1883,1273 1913,1262 1941,1266 1950,1258 1986,1286 2000,1279 2000,1320 1959,1327 1951,1335 1930,1325 1911,1342 1855,1334 1839,1343 1811,1338 1795,1351 1749,1327 1726,1335 1704,1327 1669,1354 1642,1350 1626,1366 1583,1362 1556,1335 1538,1335 1522,1346 1498,1343 1486,1354 1467,1346 1460,1350 1435,1335 1388,1358 1366,1342 1347,1342 1334,1351 1315,1342 1286,1342 1264,1362 1233,1343 1204,1346 1187,1358 1164,1343 1122,1343 1107,1351 1073,1347 1048,1358 1002,1358 990,1350 971,1366 921,1347 896,1347 885,1358 796,1350 742,1358 722,1351 691,1370 673,1362 653,1374 621,1354 602,1366 587,1355 555,1370 540,1358 516,1354 483,1379 459,1378 442,1386 398,1382 390,1390 355,1355 323,1362 304,1358 281,1370 261,1355 223,1360 173,1351"/>
              </Shape>
            </String>
          </TextLine>
          <TextLine ID="line_48bfda17-be85-410c-8140-fb443277d24b" HEIGHT="133" WIDTH="1846" HPOS="170" VPOS="1324" STYLEREFS="textstyle-None---sans-serif---proportional---None---None---None">
            <Shape>
              <Polygon POINTS="170,1338 220,1373 241,1375 256,1360 284,1372 307,1356 358,1356 390,1388 420,1381 443,1385 471,1365 495,1367 516,1353 533,1353 553,1368 581,1356 603,1364 625,1353 656,1373 675,1360 685,1364 723,1349 746,1360 781,1349 845,1349 854,1357 871,1352 881,1360 934,1349 966,1368 989,1352 1060,1357 1073,1345 1099,1345 1106,1352 1138,1345 1154,1357 1167,1346 1189,1357 1211,1341 1292,1352 1315,1340 1336,1352 1347,1341 1371,1344 1384,1337 1403,1350 1448,1337 1461,1349 1468,1345 1511,1360 1555,1333 1584,1361 1621,1365 1642,1349 1669,1353 1704,1325 1725,1336 1749,1325 1793,1349 1809,1337 1841,1341 1858,1332 1905,1341 1928,1324 1937,1332 1970,1331 1979,1340 2000,1332 2016,1340 2011,1385 2003,1381 1975,1394 1954,1382 1937,1389 1909,1382 1879,1405 1857,1393 1827,1421 1818,1413 1811,1420 1771,1389 1733,1401 1716,1390 1695,1397 1651,1390 1643,1398 1615,1397 1591,1413 1557,1402 1536,1413 1526,1405 1496,1413 1472,1398 1448,1398 1425,1413 1417,1409 1404,1421 1392,1421 1376,1405 1335,1436 1311,1421 1291,1417 1279,1423 1251,1408 1232,1421 1218,1417 1211,1424 1196,1409 1175,1406 1145,1421 1122,1413 1106,1421 1094,1409 1076,1421 1060,1421 1052,1413 1012,1406 984,1421 955,1409 923,1431 902,1413 812,1410 793,1417 763,1410 726,1425 695,1449 675,1452 666,1445 642,1456 589,1441 566,1445 539,1425 483,1449 464,1444 452,1453 424,1456 383,1421 361,1417 312,1417 287,1429 266,1429 235,1453 212,1436 184,1457 170,1450"/>
            </Shape>
            <String ID="line_48bfda17-be85-410c-8140-fb443277d24b-dummy-Word" HEIGHT="133" WIDTH="1846" HPOS="170" VPOS="1324" CONTENT="niet in Maagdenburg hebben kunnen komen, 't geen met onze twee andere">
              <Shape>
                <Polygon POINTS="170,1338 220,1373 241,1375 256,1360 284,1372 307,1356 358,1356 390,1388 420,1381 443,1385 471,1365 495,1367 516,1353 533,1353 553,1368 581,1356 603,1364 625,1353 656,1373 675,1360 685,1364 723,1349 746,1360 781,1349 845,1349 854,1357 871,1352 881,1360 934,1349 966,1368 989,1352 1060,1357 1073,1345 1099,1345 1106,1352 1138,1345 1154,1357 1167,1346 1189,1357 1211,1341 1292,1352 1315,1340 1336,1352 1347,1341 1371,1344 1384,1337 1403,1350 1448,1337 1461,1349 1468,1345 1511,1360 1555,1333 1584,1361 1621,1365 1642,1349 1669,1353 1704,1325 1725,1336 1749,1325 1793,1349 1809,1337 1841,1341 1858,1332 1905,1341 1928,1324 1937,1332 1970,1331 1979,1340 2000,1332 2016,1340 2011,1385 2003,1381 1975,1394 1954,1382 1937,1389 1909,1382 1879,1405 1857,1393 1827,1421 1818,1413 1811,1420 1771,1389 1733,1401 1716,1390 1695,1397 1651,1390 1643,1398 1615,1397 1591,1413 1557,1402 1536,1413 1526,1405 1496,1413 1472,1398 1448,1398 1425,1413 1417,1409 1404,1421 1392,1421 1376,1405 1335,1436 1311,1421 1291,1417 1279,1423 1251,1408 1232,1421 1218,1417 1211,1424 1196,1409 1175,1406 1145,1421 1122,1413 1106,1421 1094,1409 1076,1421 1060,1421 1052,1413 1012,1406 984,1421 955,1409 923,1431 902,1413 812,1410 793,1417 763,1410 726,1425 695,1449 675,1452 666,1445 642,1456 589,1441 566,1445 539,1425 483,1449 464,1444 452,1453 424,1456 383,1421 361,1417 312,1417 287,1429 266,1429 235,1453 212,1436 184,1457 170,1450"/>
              </Shape>
            </String>
          </TextLine>
          <TextLine ID="line_41b20029-9945-479d-8bc1-f00a6ccf446e" HEIGHT="150" WIDTH="1821" HPOS="169" VPOS="1378" STYLEREFS="textstyle-None---sans-serif---proportional---None---None---None">
            <Shape>
              <Polygon POINTS="169,1456 183,1457 206,1437 240,1453 282,1418 297,1425 311,1418 335,1421 372,1452 382,1445 423,1456 439,1449 451,1453 460,1445 486,1449 538,1421 566,1445 582,1438 641,1456 666,1445 685,1453 744,1417 770,1424 784,1413 802,1418 811,1410 890,1413 920,1433 950,1413 984,1421 1014,1406 1068,1422 1090,1410 1103,1421 1120,1414 1143,1422 1167,1406 1201,1414 1212,1406 1222,1413 1250,1408 1289,1441 1341,1445 1349,1437 1370,1437 1398,1410 1407,1417 1421,1408 1429,1414 1449,1398 1478,1402 1488,1394 1510,1394 1533,1413 1551,1400 1589,1412 1615,1394 1641,1398 1649,1390 1673,1390 1692,1397 1713,1389 1764,1413 1782,1402 1816,1418 1834,1414 1861,1390 1886,1401 1909,1382 1937,1389 1949,1378 1990,1400 1990,1440 1977,1447 1960,1443 1929,1463 1869,1455 1845,1478 1826,1478 1795,1454 1768,1462 1749,1451 1694,1493 1656,1462 1600,1479 1552,1463 1531,1470 1478,1463 1451,1478 1430,1470 1414,1478 1383,1475 1333,1502 1298,1475 1249,1506 1233,1505 1209,1487 1189,1493 1174,1478 1160,1478 1122,1509 1082,1493 1046,1505 1030,1494 1008,1513 967,1490 949,1503 933,1498 919,1509 891,1501 875,1485 852,1493 833,1479 758,1494 734,1513 680,1479 666,1480 628,1510 597,1501 586,1490 570,1490 556,1501 520,1482 472,1490 453,1509 425,1505 392,1482 365,1493 351,1490 328,1510 291,1525 257,1514 231,1528 203,1506 187,1519 169,1505"/>
            </Shape>
            <String ID="line_41b20029-9945-479d-8bc1-f00a6ccf446e-dummy-Word" HEIGHT="150" WIDTH="1821" HPOS="169" VPOS="1378" CONTENT="nog afwezige reisgenoten was afgesproken. — Hadden wy eenige tyd">
              <Shape>
                <Polygon POINTS="169,1456 183,1457 206,1437 240,1453 282,1418 297,1425 311,1418 335,1421 372,1452 382,1445 423,1456 439,1449 451,1453 460,1445 486,1449 538,1421 566,1445 582,1438 641,1456 666,1445 685,1453 744,1417 770,1424 784,1413 802,1418 811,1410 890,1413 920,1433 950,1413 984,1421 1014,1406 1068,1422 1090,1410 1103,1421 1120,1414 1143,1422 1167,1406 1201,1414 1212,1406 1222,1413 1250,1408 1289,1441 1341,1445 1349,1437 1370,1437 1398,1410 1407,1417 1421,1408 1429,1414 1449,1398 1478,1402 1488,1394 1510,1394 1533,1413 1551,1400 1589,1412 1615,1394 1641,1398 1649,1390 1673,1390 1692,1397 1713,1389 1764,1413 1782,1402 1816,1418 1834,1414 1861,1390 1886,1401 1909,1382 1937,1389 1949,1378 1990,1400 1990,1440 1977,1447 1960,1443 1929,1463 1869,1455 1845,1478 1826,1478 1795,1454 1768,1462 1749,1451 1694,1493 1656,1462 1600,1479 1552,1463 1531,1470 1478,1463 1451,1478 1430,1470 1414,1478 1383,1475 1333,1502 1298,1475 1249,1506 1233,1505 1209,1487 1189,1493 1174,1478 1160,1478 1122,1509 1082,1493 1046,1505 1030,1494 1008,1513 967,1490 949,1503 933,1498 919,1509 891,1501 875,1485 852,1493 833,1479 758,1494 734,1513 680,1479 666,1480 628,1510 597,1501 586,1490 570,1490 556,1501 520,1482 472,1490 453,1509 425,1505 392,1482 365,1493 351,1490 328,1510 291,1525 257,1514 231,1528 203,1506 187,1519 169,1505"/>
              </Shape>
            </String>
          </TextLine>
          <TextLine ID="d9d99224-76fe-4fcf-a7ab-6e2ccfea2660" HEIGHT="135" WIDTH="1820" HPOS="166" VPOS="1454" STYLEREFS="textstyle-None---sans-serif---proportional---None---None---None">
            <Shape>
              <Polygon POINTS="166,1542 216,1498 241,1522 260,1510 292,1525 312,1510 327,1510 355,1486 366,1493 391,1482 413,1497 451,1507 472,1490 480,1494 504,1482 539,1486 554,1498 585,1490 612,1514 627,1510 655,1483 665,1486 675,1478 725,1510 735,1510 757,1491 782,1494 809,1478 833,1478 852,1493 875,1485 892,1502 921,1508 934,1498 949,1504 967,1490 1011,1510 1029,1494 1044,1506 1062,1499 1126,1506 1143,1502 1167,1478 1191,1494 1222,1494 1248,1506 1298,1474 1334,1502 1377,1476 1430,1470 1451,1477 1494,1463 1526,1470 1541,1463 1557,1470 1575,1466 1600,1480 1653,1462 1693,1493 1717,1478 1740,1486 1782,1454 1795,1454 1827,1478 1845,1478 1869,1454 1929,1462 1941,1474 1971,1471 1981,1478 1986,1472 1986,1513 1966,1527 1942,1523 1920,1531 1903,1519 1849,1516 1825,1538 1796,1542 1769,1527 1726,1551 1680,1557 1669,1567 1651,1555 1617,1550 1599,1535 1567,1535 1548,1547 1528,1538 1480,1562 1458,1563 1413,1535 1401,1542 1385,1539 1363,1559 1333,1551 1312,1559 1292,1542 1263,1551 1253,1541 1217,1535 1208,1542 1201,1535 1191,1542 1176,1535 1164,1543 1128,1535 1120,1543 1088,1539 1064,1562 1047,1554 1034,1558 1017,1543 991,1543 979,1551 949,1539 909,1554 884,1578 855,1558 834,1554 818,1556 783,1581 769,1574 753,1582 731,1570 715,1582 690,1574 659,1551 644,1558 628,1543 568,1574 540,1574 511,1551 455,1586 444,1581 432,1589 396,1574 367,1575 353,1585 323,1582 294,1558 273,1558 251,1572 240,1562 224,1566 204,1555 166,1578"/>
            </Shape>
            <String ID="d9d99224-76fe-4fcf-a7ab-6e2ccfea2660-dummy-Word" HEIGHT="135" WIDTH="1820" HPOS="166" VPOS="1454" CONTENT="onophoudelyk over hoge bergen, door diepe valleien en uitgestrekte">
              <Shape>
                <Polygon POINTS="166,1542 216,1498 241,1522 260,1510 292,1525 312,1510 327,1510 355,1486 366,1493 391,1482 413,1497 451,1507 472,1490 480,1494 504,1482 539,1486 554,1498 585,1490 612,1514 627,1510 655,1483 665,1486 675,1478 725,1510 735,1510 757,1491 782,1494 809,1478 833,1478 852,1493 875,1485 892,1502 921,1508 934,1498 949,1504 967,1490 1011,1510 1029,1494 1044,1506 1062,1499 1126,1506 1143,1502 1167,1478 1191,1494 1222,1494 1248,1506 1298,1474 1334,1502 1377,1476 1430,1470 1451,1477 1494,1463 1526,1470 1541,1463 1557,1470 1575,1466 1600,1480 1653,1462 1693,1493 1717,1478 1740,1486 1782,1454 1795,1454 1827,1478 1845,1478 1869,1454 1929,1462 1941,1474 1971,1471 1981,1478 1986,1472 1986,1513 1966,1527 1942,1523 1920,1531 1903,1519 1849,1516 1825,1538 1796,1542 1769,1527 1726,1551 1680,1557 1669,1567 1651,1555 1617,1550 1599,1535 1567,1535 1548,1547 1528,1538 1480,1562 1458,1563 1413,1535 1401,1542 1385,1539 1363,1559 1333,1551 1312,1559 1292,1542 1263,1551 1253,1541 1217,1535 1208,1542 1201,1535 1191,1542 1176,1535 1164,1543 1128,1535 1120,1543 1088,1539 1064,1562 1047,1554 1034,1558 1017,1543 991,1543 979,1551 949,1539 909,1554 884,1578 855,1558 834,1554 818,1556 783,1581 769,1574 753,1582 731,1570 715,1582 690,1574 659,1551 644,1558 628,1543 568,1574 540,1574 511,1551 455,1586 444,1581 432,1589 396,1574 367,1575 353,1585 323,1582 294,1558 273,1558 251,1572 240,1562 224,1566 204,1555 166,1578"/>
              </Shape>
            </String>
          </TextLine>
          <TextLine ID="line_877cfef9-2293-43a9-829b-a2e492df37c3" HEIGHT="145" WIDTH="1832" HPOS="167" VPOS="1515" STYLEREFS="textstyle-None---sans-serif---proportional---None---None---None">
            <Shape>
              <Polygon POINTS="167,1579 194,1558 218,1558 225,1565 241,1559 253,1570 276,1555 321,1568 345,1550 370,1546 402,1557 437,1586 452,1573 469,1574 513,1550 540,1573 580,1566 603,1582 660,1550 691,1576 756,1583 778,1570 796,1574 855,1543 866,1550 874,1542 895,1542 903,1550 936,1542 959,1558 1008,1542 1032,1557 1063,1561 1091,1539 1145,1539 1153,1545 1178,1535 1189,1542 1217,1535 1251,1542 1262,1553 1292,1542 1310,1558 1364,1558 1387,1550 1423,1560 1441,1550 1455,1562 1492,1534 1523,1527 1556,1545 1570,1534 1599,1534 1629,1558 1638,1552 1670,1566 1697,1558 1738,1524 1748,1534 1775,1527 1790,1538 1802,1526 1826,1532 1842,1519 1878,1522 1886,1515 1921,1531 1930,1527 1941,1538 1949,1532 1966,1542 1999,1540 1999,1581 1963,1600 1938,1597 1900,1628 1889,1620 1852,1620 1832,1609 1807,1613 1799,1605 1786,1616 1737,1609 1698,1629 1654,1629 1633,1612 1617,1623 1602,1616 1573,1629 1555,1629 1535,1613 1516,1628 1476,1601 1452,1613 1421,1604 1363,1620 1335,1605 1316,1605 1285,1636 1247,1608 1203,1649 1126,1625 1075,1640 1051,1617 1026,1621 1018,1613 994,1633 943,1628 924,1645 897,1645 880,1636 837,1652 808,1644 775,1616 754,1620 747,1613 717,1617 666,1652 647,1639 625,1653 605,1653 590,1641 584,1646 515,1624 474,1645 427,1645 411,1660 377,1648 363,1634 351,1637 339,1628 306,1628 298,1621 281,1621 242,1656 207,1628 181,1652 167,1642"/>
            </Shape>
            <String ID="line_877cfef9-2293-43a9-829b-a2e492df37c3-dummy-Word" HEIGHT="145" WIDTH="1832" HPOS="167" VPOS="1515" CONTENT="bosschen gereden of gewandelt, thans liep onze weg over eene zeer gro„">
              <Shape>
                <Polygon POINTS="167,1579 194,1558 218,1558 225,1565 241,1559 253,1570 276,1555 321,1568 345,1550 370,1546 402,1557 437,1586 452,1573 469,1574 513,1550 540,1573 580,1566 603,1582 660,1550 691,1576 756,1583 778,1570 796,1574 855,1543 866,1550 874,1542 895,1542 903,1550 936,1542 959,1558 1008,1542 1032,1557 1063,1561 1091,1539 1145,1539 1153,1545 1178,1535 1189,1542 1217,1535 1251,1542 1262,1553 1292,1542 1310,1558 1364,1558 1387,1550 1423,1560 1441,1550 1455,1562 1492,1534 1523,1527 1556,1545 1570,1534 1599,1534 1629,1558 1638,1552 1670,1566 1697,1558 1738,1524 1748,1534 1775,1527 1790,1538 1802,1526 1826,1532 1842,1519 1878,1522 1886,1515 1921,1531 1930,1527 1941,1538 1949,1532 1966,1542 1999,1540 1999,1581 1963,1600 1938,1597 1900,1628 1889,1620 1852,1620 1832,1609 1807,1613 1799,1605 1786,1616 1737,1609 1698,1629 1654,1629 1633,1612 1617,1623 1602,1616 1573,1629 1555,1629 1535,1613 1516,1628 1476,1601 1452,1613 1421,1604 1363,1620 1335,1605 1316,1605 1285,1636 1247,1608 1203,1649 1126,1625 1075,1640 1051,1617 1026,1621 1018,1613 994,1633 943,1628 924,1645 897,1645 880,1636 837,1652 808,1644 775,1616 754,1620 747,1613 717,1617 666,1652 647,1639 625,1653 605,1653 590,1641 584,1646 515,1624 474,1645 427,1645 411,1660 377,1648 363,1634 351,1637 339,1628 306,1628 298,1621 281,1621 242,1656 207,1628 181,1652 167,1642"/>
              </Shape>
            </String>
          </TextLine>
          <TextLine ID="line_2e073ad7-9b5b-48cd-9a31-ecabf016f18c" HEIGHT="128" WIDTH="1833" HPOS="176" VPOS="1594" STYLEREFS="textstyle-None---sans-serif---proportional---None---None---None">
            <Shape>
              <Polygon POINTS="176,1650 207,1628 242,1657 286,1618 313,1634 351,1622 379,1650 398,1640 420,1653 433,1642 471,1646 505,1637 515,1646 546,1634 573,1637 584,1646 592,1641 605,1654 626,1654 642,1642 673,1650 695,1630 741,1634 765,1615 816,1638 844,1625 860,1635 869,1626 876,1632 917,1618 925,1626 973,1634 1021,1621 1056,1645 1079,1634 1104,1638 1124,1623 1204,1650 1249,1608 1272,1627 1295,1607 1335,1607 1364,1622 1373,1614 1406,1618 1418,1606 1454,1614 1476,1603 1510,1634 1541,1608 1566,1622 1603,1620 1616,1630 1631,1624 1642,1633 1658,1618 1696,1630 1734,1610 1766,1614 1775,1607 1791,1614 1816,1594 1837,1598 1850,1610 1875,1606 1909,1630 1949,1598 1960,1598 2009,1627 2009,1670 1995,1678 1990,1673 1965,1691 1923,1671 1872,1702 1851,1706 1823,1694 1803,1706 1788,1691 1761,1691 1727,1718 1700,1704 1684,1710 1659,1699 1638,1702 1626,1691 1573,1703 1544,1679 1527,1687 1515,1677 1495,1676 1469,1679 1434,1710 1411,1710 1397,1699 1377,1710 1353,1698 1337,1702 1320,1691 1296,1695 1260,1678 1228,1691 1212,1678 1199,1678 1157,1714 1124,1687 1114,1687 1099,1702 1072,1706 1045,1684 1013,1695 966,1695 955,1706 949,1702 909,1722 873,1689 860,1698 829,1691 773,1712 746,1710 712,1694 700,1704 674,1706 661,1699 621,1710 611,1706 601,1714 577,1710 567,1718 529,1718 487,1694 469,1703 454,1695 433,1698 422,1687 388,1710 353,1691 328,1709 302,1702 291,1691 276,1698 259,1691 176,1690"/>
            </Shape>
            <String ID="line_2e073ad7-9b5b-48cd-9a31-ecabf016f18c-dummy-Word" HEIGHT="128" WIDTH="1833" HPOS="176" VPOS="1594" CONTENT="te vlakte, nu eens leden wy door geheele velden van papavers">
              <Shape>
                <Polygon POINTS="176,1650 207,1628 242,1657 286,1618 313,1634 351,1622 379,1650 398,1640 420,1653 433,1642 471,1646 505,1637 515,1646 546,1634 573,1637 584,1646 592,1641 605,1654 626,1654 642,1642 673,1650 695,1630 741,1634 765,1615 816,1638 844,1625 860,1635 869,1626 876,1632 917,1618 925,1626 973,1634 1021,1621 1056,1645 1079,1634 1104,1638 1124,1623 1204,1650 1249,1608 1272,1627 1295,1607 1335,1607 1364,1622 1373,1614 1406,1618 1418,1606 1454,1614 1476,1603 1510,1634 1541,1608 1566,1622 1603,1620 1616,1630 1631,1624 1642,1633 1658,1618 1696,1630 1734,1610 1766,1614 1775,1607 1791,1614 1816,1594 1837,1598 1850,1610 1875,1606 1909,1630 1949,1598 1960,1598 2009,1627 2009,1670 1995,1678 1990,1673 1965,1691 1923,1671 1872,1702 1851,1706 1823,1694 1803,1706 1788,1691 1761,1691 1727,1718 1700,1704 1684,1710 1659,1699 1638,1702 1626,1691 1573,1703 1544,1679 1527,1687 1515,1677 1495,1676 1469,1679 1434,1710 1411,1710 1397,1699 1377,1710 1353,1698 1337,1702 1320,1691 1296,1695 1260,1678 1228,1691 1212,1678 1199,1678 1157,1714 1124,1687 1114,1687 1099,1702 1072,1706 1045,1684 1013,1695 966,1695 955,1706 949,1702 909,1722 873,1689 860,1698 829,1691 773,1712 746,1710 712,1694 700,1704 674,1706 661,1699 621,1710 611,1706 601,1714 577,1710 567,1718 529,1718 487,1694 469,1703 454,1695 433,1698 422,1687 388,1710 353,1691 328,1709 302,1702 291,1691 276,1698 259,1691 176,1690"/>
              </Shape>
            </String>
          </TextLine>
          <TextLine ID="c5135770-1055-490c-828b-6855f3344c6e" HEIGHT="120" WIDTH="1821" HPOS="171" VPOS="1672" STYLEREFS="textstyle-None---sans-serif---proportional---None---None---None">
            <Shape>
              <Polygon POINTS="171,1692 294,1692 302,1700 332,1704 355,1696 404,1721 435,1697 447,1696 465,1708 489,1696 536,1717 566,1720 585,1712 600,1720 669,1724 718,1692 740,1708 777,1712 828,1693 844,1699 874,1690 916,1721 965,1696 1011,1696 1023,1685 1053,1689 1082,1705 1099,1704 1124,1688 1156,1713 1195,1677 1226,1676 1243,1685 1259,1678 1271,1688 1301,1677 1344,1704 1376,1689 1416,1712 1436,1708 1463,1681 1516,1676 1532,1685 1562,1673 1610,1684 1647,1704 1674,1704 1683,1712 1703,1708 1715,1720 1724,1720 1751,1693 1773,1704 1787,1692 1802,1704 1823,1692 1845,1708 1872,1704 1914,1673 1926,1672 1958,1693 1985,1695 1992,1687 1992,1727 1985,1723 1974,1734 1955,1727 1943,1738 1923,1731 1875,1765 1830,1758 1819,1749 1792,1758 1755,1741 1741,1749 1729,1746 1696,1765 1682,1757 1668,1761 1651,1745 1633,1757 1609,1741 1587,1749 1559,1742 1546,1753 1507,1759 1483,1741 1433,1788 1398,1757 1379,1765 1371,1757 1332,1757 1309,1745 1270,1761 1228,1742 1215,1742 1199,1758 1170,1761 1126,1788 1076,1753 1059,1753 1023,1775 1007,1765 978,1763 941,1773 925,1757 899,1758 885,1746 874,1746 853,1765 826,1753 802,1769 767,1766 751,1780 736,1782 692,1762 654,1792 602,1754 576,1758 560,1773 543,1777 512,1773 490,1757 474,1757 463,1768 432,1758 421,1769 400,1773 378,1762 337,1769 324,1758 291,1768 276,1758 263,1765 242,1762 224,1772 214,1762 171,1758"/>
            </Shape>
            <String ID="c5135770-1055-490c-828b-6855f3344c6e-dummy-Word" HEIGHT="120" WIDTH="1821" HPOS="171" VPOS="1672" CONTENT="dan weder zagen wy ons naar alle zyden omringt door eene menigte">
              <Shape>
                <Polygon POINTS="171,1692 294,1692 302,1700 332,1704 355,1696 404,1721 435,1697 447,1696 465,1708 489,1696 536,1717 566,1720 585,1712 600,1720 669,1724 718,1692 740,1708 777,1712 828,1693 844,1699 874,1690 916,1721 965,1696 1011,1696 1023,1685 1053,1689 1082,1705 1099,1704 1124,1688 1156,1713 1195,1677 1226,1676 1243,1685 1259,1678 1271,1688 1301,1677 1344,1704 1376,1689 1416,1712 1436,1708 1463,1681 1516,1676 1532,1685 1562,1673 1610,1684 1647,1704 1674,1704 1683,1712 1703,1708 1715,1720 1724,1720 1751,1693 1773,1704 1787,1692 1802,1704 1823,1692 1845,1708 1872,1704 1914,1673 1926,1672 1958,1693 1985,1695 1992,1687 1992,1727 1985,1723 1974,1734 1955,1727 1943,1738 1923,1731 1875,1765 1830,1758 1819,1749 1792,1758 1755,1741 1741,1749 1729,1746 1696,1765 1682,1757 1668,1761 1651,1745 1633,1757 1609,1741 1587,1749 1559,1742 1546,1753 1507,1759 1483,1741 1433,1788 1398,1757 1379,1765 1371,1757 1332,1757 1309,1745 1270,1761 1228,1742 1215,1742 1199,1758 1170,1761 1126,1788 1076,1753 1059,1753 1023,1775 1007,1765 978,1763 941,1773 925,1757 899,1758 885,1746 874,1746 853,1765 826,1753 802,1769 767,1766 751,1780 736,1782 692,1762 654,1792 602,1754 576,1758 560,1773 543,1777 512,1773 490,1757 474,1757 463,1768 432,1758 421,1769 400,1773 378,1762 337,1769 324,1758 291,1768 276,1758 263,1765 242,1762 224,1772 214,1762 171,1758"/>
              </Shape>
            </String>
          </TextLine>
          <TextLine ID="a32b835b-f217-4716-adb0-792807b27be6" HEIGHT="135" WIDTH="1823" HPOS="168" VPOS="1728" STYLEREFS="textstyle-None---sans-serif---proportional---None---None---None">
            <Shape>
              <Polygon POINTS="168,1750 198,1764 224,1760 232,1767 247,1760 284,1779 293,1773 309,1780 333,1770 345,1775 353,1767 372,1767 382,1775 407,1769 416,1778 438,1763 454,1768 471,1759 489,1759 510,1775 538,1780 578,1756 593,1755 643,1795 690,1763 720,1779 736,1770 742,1776 757,1773 790,1753 821,1772 835,1771 867,1748 889,1748 900,1759 918,1755 943,1775 963,1764 987,1771 1015,1755 1023,1763 1043,1764 1061,1751 1069,1755 1085,1747 1121,1751 1146,1768 1166,1750 1226,1740 1276,1767 1309,1756 1363,1756 1378,1764 1396,1758 1429,1791 1482,1740 1508,1759 1528,1744 1546,1752 1559,1743 1589,1748 1601,1736 1627,1736 1663,1759 1683,1759 1690,1766 1729,1748 1765,1775 1781,1761 1819,1775 1840,1771 1852,1759 1860,1767 1884,1767 1921,1732 1944,1736 1957,1728 1991,1762 1991,1803 1986,1797 1949,1817 1918,1813 1910,1821 1885,1805 1854,1805 1842,1816 1814,1813 1783,1844 1741,1805 1677,1816 1643,1835 1634,1828 1623,1836 1610,1828 1598,1835 1570,1828 1541,1838 1530,1832 1518,1843 1482,1813 1446,1824 1433,1812 1416,1817 1398,1805 1356,1825 1345,1817 1309,1821 1282,1812 1273,1821 1217,1821 1198,1836 1176,1821 1127,1836 1088,1816 1054,1841 1025,1820 998,1820 979,1836 948,1836 934,1827 920,1832 902,1817 876,1817 818,1844 794,1835 765,1844 721,1817 707,1828 648,1817 599,1840 582,1836 557,1843 543,1829 511,1828 477,1840 442,1840 430,1847 421,1842 382,1863 339,1840 318,1847 301,1833 287,1844 265,1832 248,1844 234,1843 220,1829 168,1821"/>
            </Shape>
            <String ID="a32b835b-f217-4716-adb0-792807b27be6-dummy-Word" HEIGHT="135" WIDTH="1823" HPOS="168" VPOS="1728" CONTENT="bokken en geiten die hier met een enkelschaap er tusschen in groote">
              <Shape>
                <Polygon POINTS="168,1750 198,1764 224,1760 232,1767 247,1760 284,1779 293,1773 309,1780 333,1770 345,1775 353,1767 372,1767 382,1775 407,1769 416,1778 438,1763 454,1768 471,1759 489,1759 510,1775 538,1780 578,1756 593,1755 643,1795 690,1763 720,1779 736,1770 742,1776 757,1773 790,1753 821,1772 835,1771 867,1748 889,1748 900,1759 918,1755 943,1775 963,1764 987,1771 1015,1755 1023,1763 1043,1764 1061,1751 1069,1755 1085,1747 1121,1751 1146,1768 1166,1750 1226,1740 1276,1767 1309,1756 1363,1756 1378,1764 1396,1758 1429,1791 1482,1740 1508,1759 1528,1744 1546,1752 1559,1743 1589,1748 1601,1736 1627,1736 1663,1759 1683,1759 1690,1766 1729,1748 1765,1775 1781,1761 1819,1775 1840,1771 1852,1759 1860,1767 1884,1767 1921,1732 1944,1736 1957,1728 1991,1762 1991,1803 1986,1797 1949,1817 1918,1813 1910,1821 1885,1805 1854,1805 1842,1816 1814,1813 1783,1844 1741,1805 1677,1816 1643,1835 1634,1828 1623,1836 1610,1828 1598,1835 1570,1828 1541,1838 1530,1832 1518,1843 1482,1813 1446,1824 1433,1812 1416,1817 1398,1805 1356,1825 1345,1817 1309,1821 1282,1812 1273,1821 1217,1821 1198,1836 1176,1821 1127,1836 1088,1816 1054,1841 1025,1820 998,1820 979,1836 948,1836 934,1827 920,1832 902,1817 876,1817 818,1844 794,1835 765,1844 721,1817 707,1828 648,1817 599,1840 582,1836 557,1843 543,1829 511,1828 477,1840 442,1840 430,1847 421,1842 382,1863 339,1840 318,1847 301,1833 287,1844 265,1832 248,1844 234,1843 220,1829 168,1821"/>
              </Shape>
            </String>
          </TextLine>
          <TextLine ID="e04f2c4f-5413-4efb-98d0-7f333a247779" HEIGHT="119" WIDTH="1836" HPOS="168" VPOS="1805" STYLEREFS="textstyle-None---sans-serif---proportional---None---None---None">
            <Shape>
              <Polygon POINTS="168,1852 179,1852 208,1828 227,1829 238,1840 309,1830 324,1845 354,1842 388,1864 421,1844 479,1840 503,1821 553,1837 596,1841 617,1825 637,1829 648,1818 699,1829 723,1818 761,1845 799,1836 816,1847 833,1833 849,1833 875,1818 896,1823 903,1817 946,1837 969,1829 977,1837 1020,1837 1034,1829 1058,1841 1086,1817 1127,1836 1158,1817 1167,1825 1199,1825 1220,1814 1243,1827 1270,1810 1285,1810 1312,1823 1356,1825 1400,1806 1417,1817 1435,1813 1447,1823 1463,1808 1472,1817 1487,1814 1515,1841 1528,1833 1547,1837 1555,1829 1587,1832 1599,1825 1622,1837 1676,1817 1691,1824 1716,1806 1742,1806 1777,1841 1815,1810 1842,1817 1855,1805 1885,1805 1903,1821 1941,1815 2004,1833 2004,1873 1964,1904 1922,1873 1882,1872 1874,1880 1859,1872 1837,1892 1819,1875 1784,1872 1770,1884 1735,1879 1712,1887 1703,1880 1677,1899 1650,1883 1626,1880 1602,1894 1584,1884 1558,1905 1542,1895 1509,1915 1475,1915 1448,1896 1427,1900 1410,1884 1381,1877 1373,1884 1355,1883 1348,1876 1297,1879 1272,1897 1246,1880 1200,1917 1176,1895 1131,1881 1098,1887 1091,1880 1066,1895 1044,1885 1032,1895 1015,1884 979,1888 947,1919 933,1923 880,1891 862,1903 833,1904 789,1884 769,1884 762,1891 740,1884 720,1892 691,1887 657,1912 599,1884 564,1896 553,1888 503,1888 480,1907 436,1924 398,1924 365,1899 332,1900 325,1907 304,1892 275,1888 243,1899 218,1900 205,1892 168,1914"/>
            </Shape>
            <String ID="e04f2c4f-5413-4efb-98d0-7f333a247779-dummy-Word" HEIGHT="119" WIDTH="1836" HPOS="168" VPOS="1805" CONTENT="hudden geweid wierden: schoon deweg zeer zandig was, hadden wi">
              <Shape>
                <Polygon POINTS="168,1852 179,1852 208,1828 227,1829 238,1840 309,1830 324,1845 354,1842 388,1864 421,1844 479,1840 503,1821 553,1837 596,1841 617,1825 637,1829 648,1818 699,1829 723,1818 761,1845 799,1836 816,1847 833,1833 849,1833 875,1818 896,1823 903,1817 946,1837 969,1829 977,1837 1020,1837 1034,1829 1058,1841 1086,1817 1127,1836 1158,1817 1167,1825 1199,1825 1220,1814 1243,1827 1270,1810 1285,1810 1312,1823 1356,1825 1400,1806 1417,1817 1435,1813 1447,1823 1463,1808 1472,1817 1487,1814 1515,1841 1528,1833 1547,1837 1555,1829 1587,1832 1599,1825 1622,1837 1676,1817 1691,1824 1716,1806 1742,1806 1777,1841 1815,1810 1842,1817 1855,1805 1885,1805 1903,1821 1941,1815 2004,1833 2004,1873 1964,1904 1922,1873 1882,1872 1874,1880 1859,1872 1837,1892 1819,1875 1784,1872 1770,1884 1735,1879 1712,1887 1703,1880 1677,1899 1650,1883 1626,1880 1602,1894 1584,1884 1558,1905 1542,1895 1509,1915 1475,1915 1448,1896 1427,1900 1410,1884 1381,1877 1373,1884 1355,1883 1348,1876 1297,1879 1272,1897 1246,1880 1200,1917 1176,1895 1131,1881 1098,1887 1091,1880 1066,1895 1044,1885 1032,1895 1015,1884 979,1888 947,1919 933,1923 880,1891 862,1903 833,1904 789,1884 769,1884 762,1891 740,1884 720,1892 691,1887 657,1912 599,1884 564,1896 553,1888 503,1888 480,1907 436,1924 398,1924 365,1899 332,1900 325,1907 304,1892 275,1888 243,1899 218,1900 205,1892 168,1914"/>
              </Shape>
            </String>
          </TextLine>
          <TextLine ID="line_61199714-1846-4fba-9a29-db4c1e448c0e" HEIGHT="119" WIDTH="1834" HPOS="168" VPOS="1871" STYLEREFS="textstyle-None---sans-serif---proportional---None---None---None">
            <Shape>
              <Polygon POINTS="168,1914 194,1891 208,1891 220,1901 227,1894 243,1898 264,1891 273,1898 283,1891 308,1907 362,1898 408,1926 449,1906 456,1913 464,1905 481,1907 505,1887 553,1887 567,1895 589,1890 601,1902 621,1894 658,1911 693,1883 709,1891 791,1886 799,1894 812,1894 825,1883 860,1883 905,1906 929,1884 951,1883 973,1894 980,1887 1002,1890 1017,1879 1041,1879 1077,1903 1106,1883 1143,1914 1189,1922 1249,1878 1273,1898 1293,1879 1342,1875 1356,1882 1403,1882 1421,1898 1437,1894 1463,1911 1508,1917 1536,1895 1553,1907 1578,1886 1620,1886 1644,1899 1660,1892 1675,1902 1701,1883 1721,1886 1768,1871 1775,1878 1785,1871 1806,1871 1813,1878 1827,1871 1845,1885 1861,1871 1877,1882 1904,1874 1945,1886 1969,1910 1992,1912 2002,1901 2002,1942 1985,1951 1976,1944 1914,1951 1881,1943 1851,1971 1836,1975 1788,1943 1774,1943 1758,1959 1733,1947 1713,1951 1696,1943 1670,1959 1645,1952 1605,1990 1557,1983 1521,1963 1509,1967 1489,1951 1462,1959 1436,1980 1404,1975 1383,1956 1365,1971 1347,1963 1314,1967 1275,1944 1253,1952 1226,1944 1216,1951 1180,1947 1165,1959 1146,1944 1134,1944 1096,1958 1085,1950 1065,1952 1046,1971 1010,1963 984,1974 945,1966 901,1975 826,1952 805,1963 784,1955 771,1967 716,1979 678,1952 610,1952 597,1963 574,1956 548,1975 524,1971 493,1987 447,1955 411,1956 378,1971 361,1958 314,1959 276,1987 257,1975 246,1982 216,1955 168,1975"/>
            </Shape>
            <String ID="line_61199714-1846-4fba-9a29-db4c1e448c0e-dummy-Word" HEIGHT="119" WIDTH="1834" HPOS="168" VPOS="1871" CONTENT="toch reeds om half acht Halberstad bereiht alwaar wy in het goede">
              <Shape>
                <Polygon POINTS="168,1914 194,1891 208,1891 220,1901 227,1894 243,1898 264,1891 273,1898 283,1891 308,1907 362,1898 408,1926 449,1906 456,1913 464,1905 481,1907 505,1887 553,1887 567,1895 589,1890 601,1902 621,1894 658,1911 693,1883 709,1891 791,1886 799,1894 812,1894 825,1883 860,1883 905,1906 929,1884 951,1883 973,1894 980,1887 1002,1890 1017,1879 1041,1879 1077,1903 1106,1883 1143,1914 1189,1922 1249,1878 1273,1898 1293,1879 1342,1875 1356,1882 1403,1882 1421,1898 1437,1894 1463,1911 1508,1917 1536,1895 1553,1907 1578,1886 1620,1886 1644,1899 1660,1892 1675,1902 1701,1883 1721,1886 1768,1871 1775,1878 1785,1871 1806,1871 1813,1878 1827,1871 1845,1885 1861,1871 1877,1882 1904,1874 1945,1886 1969,1910 1992,1912 2002,1901 2002,1942 1985,1951 1976,1944 1914,1951 1881,1943 1851,1971 1836,1975 1788,1943 1774,1943 1758,1959 1733,1947 1713,1951 1696,1943 1670,1959 1645,1952 1605,1990 1557,1983 1521,1963 1509,1967 1489,1951 1462,1959 1436,1980 1404,1975 1383,1956 1365,1971 1347,1963 1314,1967 1275,1944 1253,1952 1226,1944 1216,1951 1180,1947 1165,1959 1146,1944 1134,1944 1096,1958 1085,1950 1065,1952 1046,1971 1010,1963 984,1974 945,1966 901,1975 826,1952 805,1963 784,1955 771,1967 716,1979 678,1952 610,1952 597,1963 574,1956 548,1975 524,1971 493,1987 447,1955 411,1956 378,1971 361,1958 314,1959 276,1987 257,1975 246,1982 216,1955 168,1975"/>
              </Shape>
            </String>
          </TextLine>
          <TextLine ID="line_008628fe-42f1-48b7-a5fa-0503c6a5cdd4" HEIGHT="123" WIDTH="1847" HPOS="164" VPOS="1942" STYLEREFS="textstyle-None---sans-serif---proportional---None---None---None">
            <Shape>
              <Polygon POINTS="164,1955 174,1949 186,1961 219,1957 246,1984 257,1973 273,1972 286,1981 317,1981 345,1965 370,1965 381,1954 459,1954 478,1965 501,1958 517,1973 541,1973 564,1957 590,1969 608,1953 628,1965 668,1954 711,1973 750,1973 778,1950 792,1950 803,1961 818,1953 847,1954 875,1969 898,1963 904,1969 913,1961 929,1969 961,1964 998,1984 1013,1984 1043,1957 1057,1960 1074,1946 1107,1958 1116,1949 1137,1948 1158,1965 1188,1946 1242,1953 1266,1942 1313,1965 1337,1958 1363,1973 1379,1957 1390,1963 1396,1957 1445,1960 1467,1942 1508,1965 1522,1963 1538,1977 1550,1973 1586,1992 1602,1992 1648,1953 1661,1960 1695,1942 1724,1953 1782,1942 1808,1965 1821,1960 1841,1977 1854,1969 1881,1973 1905,1949 1967,1972 1978,1965 2011,1968 2011,2011 1983,2018 1968,2033 1944,2018 1934,2021 1918,2007 1890,2022 1862,2022 1844,2007 1833,2007 1813,2021 1787,2025 1769,2014 1729,2014 1719,2007 1701,2018 1654,2014 1618,2030 1593,2029 1573,2018 1558,2030 1534,2026 1506,2033 1474,2022 1458,2034 1434,2014 1374,2011 1359,2018 1343,2011 1279,2037 1263,2037 1238,2017 1218,2018 1199,2037 1178,2030 1163,2043 1141,2029 1125,2037 1107,2022 1095,2034 1072,2027 1040,2034 1028,2045 1017,2045 986,2022 946,2038 921,2018 882,2026 846,2018 813,2032 786,2021 769,2030 698,2022 653,2065 639,2065 607,2049 554,2045 526,2026 508,2030 482,2022 430,2022 416,2033 398,2033 384,2022 362,2033 338,2027 295,2049 264,2030 239,2053 206,2029 184,2034 164,2024"/>
            </Shape>
            <String ID="line_008628fe-42f1-48b7-a5fa-0503c6a5cdd4-dummy-Word" HEIGHT="123" WIDTH="1847" HPOS="164" VPOS="1942" CONTENT="logement Prins Engen vlak over het posthuis onzen intrek namen">
              <Shape>
                <Polygon POINTS="164,1955 174,1949 186,1961 219,1957 246,1984 257,1973 273,1972 286,1981 317,1981 345,1965 370,1965 381,1954 459,1954 478,1965 501,1958 517,1973 541,1973 564,1957 590,1969 608,1953 628,1965 668,1954 711,1973 750,1973 778,1950 792,1950 803,1961 818,1953 847,1954 875,1969 898,1963 904,1969 913,1961 929,1969 961,1964 998,1984 1013,1984 1043,1957 1057,1960 1074,1946 1107,1958 1116,1949 1137,1948 1158,1965 1188,1946 1242,1953 1266,1942 1313,1965 1337,1958 1363,1973 1379,1957 1390,1963 1396,1957 1445,1960 1467,1942 1508,1965 1522,1963 1538,1977 1550,1973 1586,1992 1602,1992 1648,1953 1661,1960 1695,1942 1724,1953 1782,1942 1808,1965 1821,1960 1841,1977 1854,1969 1881,1973 1905,1949 1967,1972 1978,1965 2011,1968 2011,2011 1983,2018 1968,2033 1944,2018 1934,2021 1918,2007 1890,2022 1862,2022 1844,2007 1833,2007 1813,2021 1787,2025 1769,2014 1729,2014 1719,2007 1701,2018 1654,2014 1618,2030 1593,2029 1573,2018 1558,2030 1534,2026 1506,2033 1474,2022 1458,2034 1434,2014 1374,2011 1359,2018 1343,2011 1279,2037 1263,2037 1238,2017 1218,2018 1199,2037 1178,2030 1163,2043 1141,2029 1125,2037 1107,2022 1095,2034 1072,2027 1040,2034 1028,2045 1017,2045 986,2022 946,2038 921,2018 882,2026 846,2018 813,2032 786,2021 769,2030 698,2022 653,2065 639,2065 607,2049 554,2045 526,2026 508,2030 482,2022 430,2022 416,2033 398,2033 384,2022 362,2033 338,2027 295,2049 264,2030 239,2053 206,2029 184,2034 164,2024"/>
              </Shape>
            </String>
          </TextLine>
          <TextLine ID="f7f32809-69a6-4b3e-bf80-d5019f4e0cdb" HEIGHT="121" WIDTH="1821" HPOS="162" VPOS="2008" STYLEREFS="textstyle-None---sans-serif---proportional---None---None---None">
            <Shape>
              <Polygon POINTS="162,2089 192,2065 207,2076 230,2067 276,2024 301,2031 313,2024 385,2024 424,2035 440,2035 455,2024 484,2024 524,2056 551,2039 563,2047 612,2047 641,2066 659,2060 690,2031 706,2035 738,2020 795,2039 843,2020 876,2020 882,2026 922,2019 949,2039 978,2027 999,2030 1019,2016 1047,2035 1069,2027 1096,2035 1109,2023 1145,2031 1163,2043 1183,2027 1226,2051 1265,2051 1282,2035 1307,2027 1354,2035 1386,2012 1404,2015 1414,2008 1446,2027 1458,2018 1487,2031 1546,2025 1559,2031 1573,2019 1582,2027 1618,2031 1642,2016 1669,2015 1683,2023 1714,2008 1753,2008 1792,2023 1846,2008 1862,2023 1883,2026 1913,2008 1926,2015 1944,2008 1983,2036 1983,2078 1977,2071 1961,2085 1913,2078 1893,2086 1876,2078 1862,2092 1839,2094 1814,2078 1791,2094 1774,2096 1751,2078 1697,2078 1690,2085 1677,2078 1669,2086 1651,2082 1644,2089 1625,2081 1601,2098 1585,2093 1566,2110 1525,2078 1512,2078 1496,2093 1479,2078 1467,2078 1440,2102 1408,2114 1388,2114 1371,2101 1353,2109 1301,2085 1272,2109 1192,2086 1171,2086 1139,2104 1120,2086 1099,2093 1083,2086 1064,2093 1011,2086 988,2097 950,2090 915,2113 904,2106 885,2114 840,2090 815,2108 800,2094 787,2101 780,2094 755,2106 737,2094 706,2102 691,2094 648,2094 615,2106 595,2097 537,2116 495,2098 483,2110 466,2102 454,2114 433,2118 403,2110 387,2125 371,2122 363,2129 347,2117 326,2121 308,2106 298,2109 272,2094 252,2100 232,2094 220,2106 203,2094 188,2109 162,2093"/>
            </Shape>
            <String ID="f7f32809-69a6-4b3e-bf80-d5019f4e0cdb-dummy-Word" HEIGHT="121" WIDTH="1821" HPOS="162" VPOS="2008" CONTENT="Bedom, dat te voren tot eene Roomsche thans echter eene Luthensche">
              <Shape>
                <Polygon POINTS="162,2089 192,2065 207,2076 230,2067 276,2024 301,2031 313,2024 385,2024 424,2035 440,2035 455,2024 484,2024 524,2056 551,2039 563,2047 612,2047 641,2066 659,2060 690,2031 706,2035 738,2020 795,2039 843,2020 876,2020 882,2026 922,2019 949,2039 978,2027 999,2030 1019,2016 1047,2035 1069,2027 1096,2035 1109,2023 1145,2031 1163,2043 1183,2027 1226,2051 1265,2051 1282,2035 1307,2027 1354,2035 1386,2012 1404,2015 1414,2008 1446,2027 1458,2018 1487,2031 1546,2025 1559,2031 1573,2019 1582,2027 1618,2031 1642,2016 1669,2015 1683,2023 1714,2008 1753,2008 1792,2023 1846,2008 1862,2023 1883,2026 1913,2008 1926,2015 1944,2008 1983,2036 1983,2078 1977,2071 1961,2085 1913,2078 1893,2086 1876,2078 1862,2092 1839,2094 1814,2078 1791,2094 1774,2096 1751,2078 1697,2078 1690,2085 1677,2078 1669,2086 1651,2082 1644,2089 1625,2081 1601,2098 1585,2093 1566,2110 1525,2078 1512,2078 1496,2093 1479,2078 1467,2078 1440,2102 1408,2114 1388,2114 1371,2101 1353,2109 1301,2085 1272,2109 1192,2086 1171,2086 1139,2104 1120,2086 1099,2093 1083,2086 1064,2093 1011,2086 988,2097 950,2090 915,2113 904,2106 885,2114 840,2090 815,2108 800,2094 787,2101 780,2094 755,2106 737,2094 706,2102 691,2094 648,2094 615,2106 595,2097 537,2116 495,2098 483,2110 466,2102 454,2114 433,2118 403,2110 387,2125 371,2122 363,2129 347,2117 326,2121 308,2106 298,2109 272,2094 252,2100 232,2094 220,2106 203,2094 188,2109 162,2093"/>
              </Shape>
            </String>
          </TextLine>
          <TextLine ID="line_17dd872e-e570-4e54-b2c6-4be1d4fd827b" HEIGHT="124" WIDTH="1798" HPOS="165" VPOS="2077" STYLEREFS="textstyle-None---sans-serif---proportional---None---None---None">
            <Shape>
              <Polygon POINTS="165,2097 196,2107 215,2093 226,2100 233,2093 271,2093 307,2108 323,2124 343,2116 363,2129 384,2128 402,2112 449,2112 467,2128 494,2101 542,2116 585,2100 606,2108 629,2104 646,2093 690,2093 723,2116 782,2125 831,2093 866,2096 891,2112 909,2108 933,2089 988,2097 1033,2089 1045,2097 1078,2085 1087,2092 1119,2085 1143,2101 1171,2085 1188,2085 1202,2096 1256,2109 1274,2108 1300,2085 1382,2117 1411,2116 1450,2092 1467,2100 1481,2088 1510,2089 1534,2108 1549,2101 1560,2109 1601,2078 1616,2077 1650,2088 1676,2077 1702,2077 1723,2081 1745,2100 1772,2084 1798,2081 1807,2087 1819,2081 1832,2092 1854,2093 1887,2081 1906,2092 1916,2085 1927,2096 1963,2104 1963,2144 1942,2153 1905,2150 1893,2157 1877,2146 1820,2146 1794,2162 1787,2157 1758,2169 1738,2150 1721,2146 1702,2157 1675,2146 1666,2154 1643,2150 1607,2175 1588,2166 1575,2173 1545,2166 1505,2196 1490,2192 1474,2201 1435,2169 1403,2181 1394,2173 1365,2173 1354,2162 1339,2169 1309,2162 1287,2177 1270,2177 1232,2169 1217,2154 1170,2158 1143,2180 1124,2177 1087,2200 1059,2177 1032,2188 1013,2177 993,2188 958,2165 918,2188 867,2158 858,2165 846,2158 744,2162 674,2197 630,2165 591,2173 583,2165 556,2162 545,2173 498,2169 485,2181 464,2173 446,2185 418,2173 375,2192 340,2166 310,2180 289,2165 269,2176 254,2165 233,2175 223,2165 200,2173 176,2158 165,2162"/>
            </Shape>
            <String ID="line_17dd872e-e570-4e54-b2c6-4be1d4fd827b-dummy-Word" HEIGHT="124" WIDTH="1798" HPOS="165" VPOS="2077" CONTENT="kerk is, is een overoud en trotsch gebouw waar nog alle Roomsche">
              <Shape>
                <Polygon POINTS="165,2097 196,2107 215,2093 226,2100 233,2093 271,2093 307,2108 323,2124 343,2116 363,2129 384,2128 402,2112 449,2112 467,2128 494,2101 542,2116 585,2100 606,2108 629,2104 646,2093 690,2093 723,2116 782,2125 831,2093 866,2096 891,2112 909,2108 933,2089 988,2097 1033,2089 1045,2097 1078,2085 1087,2092 1119,2085 1143,2101 1171,2085 1188,2085 1202,2096 1256,2109 1274,2108 1300,2085 1382,2117 1411,2116 1450,2092 1467,2100 1481,2088 1510,2089 1534,2108 1549,2101 1560,2109 1601,2078 1616,2077 1650,2088 1676,2077 1702,2077 1723,2081 1745,2100 1772,2084 1798,2081 1807,2087 1819,2081 1832,2092 1854,2093 1887,2081 1906,2092 1916,2085 1927,2096 1963,2104 1963,2144 1942,2153 1905,2150 1893,2157 1877,2146 1820,2146 1794,2162 1787,2157 1758,2169 1738,2150 1721,2146 1702,2157 1675,2146 1666,2154 1643,2150 1607,2175 1588,2166 1575,2173 1545,2166 1505,2196 1490,2192 1474,2201 1435,2169 1403,2181 1394,2173 1365,2173 1354,2162 1339,2169 1309,2162 1287,2177 1270,2177 1232,2169 1217,2154 1170,2158 1143,2180 1124,2177 1087,2200 1059,2177 1032,2188 1013,2177 993,2188 958,2165 918,2188 867,2158 858,2165 846,2158 744,2162 674,2197 630,2165 591,2173 583,2165 556,2162 545,2173 498,2169 485,2181 464,2173 446,2185 418,2173 375,2192 340,2166 310,2180 289,2165 269,2176 254,2165 233,2175 223,2165 200,2173 176,2158 165,2162"/>
              </Shape>
            </String>
          </TextLine>
          <TextLine ID="bf9b5d5b-72cf-4d5a-bf04-8b171a3c15d2" HEIGHT="122" WIDTH="1792" HPOS="172" VPOS="2147" STYLEREFS="textstyle-None---sans-serif---proportional---None---None---None">
            <Shape>
              <Polygon POINTS="172,2182 190,2166 218,2186 246,2166 265,2174 279,2166 305,2166 318,2174 330,2170 364,2193 383,2193 404,2181 450,2201 464,2198 502,2166 540,2174 555,2163 563,2169 620,2165 676,2198 725,2166 777,2163 800,2176 819,2159 847,2159 856,2166 891,2159 910,2178 972,2179 994,2189 1011,2174 1035,2174 1054,2190 1097,2197 1125,2174 1147,2178 1172,2158 1197,2155 1219,2174 1243,2179 1252,2170 1285,2178 1300,2166 1319,2165 1369,2174 1387,2170 1407,2182 1419,2170 1437,2170 1464,2197 1485,2197 1493,2190 1510,2193 1547,2166 1568,2174 1584,2166 1613,2174 1636,2154 1667,2155 1677,2147 1718,2182 1749,2162 1776,2154 1790,2158 1804,2147 1854,2147 1893,2174 1929,2162 1964,2172 1964,2214 1958,2220 1913,2217 1893,2237 1878,2236 1862,2220 1832,2232 1813,2216 1750,2233 1727,2225 1710,2241 1679,2244 1662,2229 1631,2236 1607,2233 1595,2222 1555,2259 1518,2252 1507,2260 1484,2238 1451,2269 1410,2237 1389,2248 1351,2221 1327,2240 1319,2232 1292,2253 1270,2241 1249,2256 1196,2221 1147,2261 1126,2253 1092,2260 1074,2245 1049,2248 1040,2240 1016,2257 996,2244 936,2262 923,2251 876,2252 859,2261 815,2236 785,2244 767,2229 742,2244 720,2229 700,2237 684,2233 675,2241 651,2229 621,2236 613,2229 549,2229 532,2242 495,2244 477,2229 443,2244 429,2237 407,2248 393,2237 359,2249 345,2240 309,2236 294,2245 246,2237 220,2253 202,2244 172,2251"/>
            </Shape>
            <String ID="bf9b5d5b-72cf-4d5a-bf04-8b171a3c15d2-dummy-Word" HEIGHT="122" WIDTH="1792" HPOS="172" VPOS="2147" CONTENT="cieraden van veelden schilderyen enzbewaard zin gebleven. Daar">
              <Shape>
                <Polygon POINTS="172,2182 190,2166 218,2186 246,2166 265,2174 279,2166 305,2166 318,2174 330,2170 364,2193 383,2193 404,2181 450,2201 464,2198 502,2166 540,2174 555,2163 563,2169 620,2165 676,2198 725,2166 777,2163 800,2176 819,2159 847,2159 856,2166 891,2159 910,2178 972,2179 994,2189 1011,2174 1035,2174 1054,2190 1097,2197 1125,2174 1147,2178 1172,2158 1197,2155 1219,2174 1243,2179 1252,2170 1285,2178 1300,2166 1319,2165 1369,2174 1387,2170 1407,2182 1419,2170 1437,2170 1464,2197 1485,2197 1493,2190 1510,2193 1547,2166 1568,2174 1584,2166 1613,2174 1636,2154 1667,2155 1677,2147 1718,2182 1749,2162 1776,2154 1790,2158 1804,2147 1854,2147 1893,2174 1929,2162 1964,2172 1964,2214 1958,2220 1913,2217 1893,2237 1878,2236 1862,2220 1832,2232 1813,2216 1750,2233 1727,2225 1710,2241 1679,2244 1662,2229 1631,2236 1607,2233 1595,2222 1555,2259 1518,2252 1507,2260 1484,2238 1451,2269 1410,2237 1389,2248 1351,2221 1327,2240 1319,2232 1292,2253 1270,2241 1249,2256 1196,2221 1147,2261 1126,2253 1092,2260 1074,2245 1049,2248 1040,2240 1016,2257 996,2244 936,2262 923,2251 876,2252 859,2261 815,2236 785,2244 767,2229 742,2244 720,2229 700,2237 684,2233 675,2241 651,2229 621,2236 613,2229 549,2229 532,2242 495,2244 477,2229 443,2244 429,2237 407,2248 393,2237 359,2249 345,2240 309,2236 294,2245 246,2237 220,2253 202,2244 172,2251"/>
              </Shape>
            </String>
          </TextLine>
          <TextLine ID="d403c24b-50db-4bd8-b812-cd8c83820878" HEIGHT="118" WIDTH="1841" HPOS="169" VPOS="2217" STYLEREFS="textstyle-None---sans-serif---proportional---None---None---None">
            <Shape>
              <Polygon POINTS="169,2252 203,2244 221,2253 247,2237 264,2237 272,2245 320,2237 359,2249 394,2238 407,2249 431,2234 467,2237 478,2230 512,2256 548,2230 616,2230 628,2237 654,2232 675,2241 685,2233 690,2238 722,2230 741,2245 767,2230 786,2244 822,2232 858,2262 877,2252 925,2250 937,2261 957,2253 998,2264 1062,2244 1090,2260 1127,2253 1145,2264 1197,2222 1206,2222 1246,2256 1271,2241 1283,2253 1300,2252 1322,2233 1333,2236 1357,2222 1390,2248 1422,2245 1440,2261 1485,2241 1509,2260 1519,2252 1554,2254 1592,2225 1608,2237 1665,2229 1673,2237 1689,2232 1709,2241 1734,2221 1750,2233 1785,2230 1801,2219 1824,2238 1864,2220 1896,2239 1923,2217 1975,2233 1983,2229 2010,2243 2010,2284 1970,2324 1921,2291 1858,2319 1833,2315 1810,2292 1785,2300 1765,2295 1746,2311 1725,2296 1684,2318 1666,2307 1648,2307 1633,2294 1619,2300 1606,2291 1590,2303 1565,2284 1506,2284 1449,2308 1429,2292 1414,2292 1369,2323 1342,2316 1324,2334 1301,2319 1274,2324 1262,2312 1214,2319 1198,2308 1173,2324 1137,2292 1112,2299 1101,2288 1075,2296 1056,2292 1025,2308 1013,2304 990,2323 957,2292 936,2292 896,2331 854,2324 836,2335 813,2318 803,2323 782,2311 769,2318 755,2308 731,2324 709,2316 689,2332 643,2300 617,2296 578,2316 558,2300 533,2303 526,2296 513,2303 487,2296 454,2308 444,2300 422,2308 408,2300 372,2300 352,2317 333,2307 315,2308 302,2319 266,2304 251,2312 221,2304 204,2319 197,2316 178,2331 169,2328"/>
            </Shape>
            <String ID="d403c24b-50db-4bd8-b812-cd8c83820878-dummy-Word" HEIGHT="118" WIDTH="1841" HPOS="169" VPOS="2217" CONTENT="wy de volgende dag zeer vroeg wilden afreezen ten einde spoedig">
              <Shape>
                <Polygon POINTS="169,2252 203,2244 221,2253 247,2237 264,2237 272,2245 320,2237 359,2249 394,2238 407,2249 431,2234 467,2237 478,2230 512,2256 548,2230 616,2230 628,2237 654,2232 675,2241 685,2233 690,2238 722,2230 741,2245 767,2230 786,2244 822,2232 858,2262 877,2252 925,2250 937,2261 957,2253 998,2264 1062,2244 1090,2260 1127,2253 1145,2264 1197,2222 1206,2222 1246,2256 1271,2241 1283,2253 1300,2252 1322,2233 1333,2236 1357,2222 1390,2248 1422,2245 1440,2261 1485,2241 1509,2260 1519,2252 1554,2254 1592,2225 1608,2237 1665,2229 1673,2237 1689,2232 1709,2241 1734,2221 1750,2233 1785,2230 1801,2219 1824,2238 1864,2220 1896,2239 1923,2217 1975,2233 1983,2229 2010,2243 2010,2284 1970,2324 1921,2291 1858,2319 1833,2315 1810,2292 1785,2300 1765,2295 1746,2311 1725,2296 1684,2318 1666,2307 1648,2307 1633,2294 1619,2300 1606,2291 1590,2303 1565,2284 1506,2284 1449,2308 1429,2292 1414,2292 1369,2323 1342,2316 1324,2334 1301,2319 1274,2324 1262,2312 1214,2319 1198,2308 1173,2324 1137,2292 1112,2299 1101,2288 1075,2296 1056,2292 1025,2308 1013,2304 990,2323 957,2292 936,2292 896,2331 854,2324 836,2335 813,2318 803,2323 782,2311 769,2318 755,2308 731,2324 709,2316 689,2332 643,2300 617,2296 578,2316 558,2300 533,2303 526,2296 513,2303 487,2296 454,2308 444,2300 422,2308 408,2300 372,2300 352,2317 333,2307 315,2308 302,2319 266,2304 251,2312 221,2304 204,2319 197,2316 178,2331 169,2328"/>
              </Shape>
            </String>
          </TextLine>
          <TextLine ID="a702daaf-4a36-4728-a270-fc93d92f8f6f" HEIGHT="131" WIDTH="1848" HPOS="167" VPOS="2288" STYLEREFS="textstyle-None---sans-serif---proportional---None---None---None">
            <Shape>
              <Polygon POINTS="167,2351 221,2303 248,2322 268,2303 304,2317 332,2305 357,2311 375,2300 408,2300 420,2311 437,2309 455,2320 478,2300 510,2300 568,2327 607,2296 649,2303 689,2331 724,2303 740,2303 765,2315 783,2309 815,2319 834,2334 875,2319 893,2328 949,2292 974,2292 997,2307 1017,2303 1025,2309 1059,2292 1105,2292 1114,2299 1151,2288 1198,2288 1265,2315 1278,2313 1288,2323 1299,2318 1319,2335 1339,2319 1365,2321 1382,2307 1394,2307 1410,2291 1443,2310 1450,2303 1470,2306 1481,2295 1520,2307 1528,2299 1542,2304 1555,2291 1576,2291 1591,2303 1615,2303 1627,2311 1640,2300 1684,2319 1722,2299 1749,2310 1810,2291 1834,2315 1846,2315 1862,2303 1877,2305 1887,2295 1897,2302 1921,2291 1970,2326 1995,2315 2015,2320 2010,2364 1985,2360 1972,2371 1943,2372 1935,2380 1917,2369 1908,2378 1898,2371 1872,2376 1856,2364 1829,2380 1790,2357 1766,2357 1684,2403 1663,2406 1644,2392 1622,2395 1593,2383 1546,2419 1494,2401 1474,2414 1432,2395 1387,2406 1360,2388 1333,2396 1310,2415 1290,2408 1266,2419 1248,2403 1233,2411 1210,2407 1190,2393 1166,2398 1151,2411 1130,2395 1091,2390 1068,2372 1033,2379 1021,2372 992,2388 956,2380 928,2396 907,2379 868,2399 789,2395 767,2403 754,2392 719,2411 667,2419 632,2395 622,2398 607,2383 595,2392 572,2388 537,2411 501,2410 458,2380 438,2399 411,2403 394,2392 349,2414 291,2372 263,2380 230,2403 213,2395 185,2407 167,2399"/>
            </Shape>
            <String ID="a702daaf-4a36-4728-a270-fc93d92f8f6f-dummy-Word" HEIGHT="131" WIDTH="1848" HPOS="167" VPOS="2288" CONTENT="in Maagdenburg te zyn ging ik met een onzer er dadelyk op ent om een">
              <Shape>
                <Polygon POINTS="167,2351 221,2303 248,2322 268,2303 304,2317 332,2305 357,2311 375,2300 408,2300 420,2311 437,2309 455,2320 478,2300 510,2300 568,2327 607,2296 649,2303 689,2331 724,2303 740,2303 765,2315 783,2309 815,2319 834,2334 875,2319 893,2328 949,2292 974,2292 997,2307 1017,2303 1025,2309 1059,2292 1105,2292 1114,2299 1151,2288 1198,2288 1265,2315 1278,2313 1288,2323 1299,2318 1319,2335 1339,2319 1365,2321 1382,2307 1394,2307 1410,2291 1443,2310 1450,2303 1470,2306 1481,2295 1520,2307 1528,2299 1542,2304 1555,2291 1576,2291 1591,2303 1615,2303 1627,2311 1640,2300 1684,2319 1722,2299 1749,2310 1810,2291 1834,2315 1846,2315 1862,2303 1877,2305 1887,2295 1897,2302 1921,2291 1970,2326 1995,2315 2015,2320 2010,2364 1985,2360 1972,2371 1943,2372 1935,2380 1917,2369 1908,2378 1898,2371 1872,2376 1856,2364 1829,2380 1790,2357 1766,2357 1684,2403 1663,2406 1644,2392 1622,2395 1593,2383 1546,2419 1494,2401 1474,2414 1432,2395 1387,2406 1360,2388 1333,2396 1310,2415 1290,2408 1266,2419 1248,2403 1233,2411 1210,2407 1190,2393 1166,2398 1151,2411 1130,2395 1091,2390 1068,2372 1033,2379 1021,2372 992,2388 956,2380 928,2396 907,2379 868,2399 789,2395 767,2403 754,2392 719,2411 667,2419 632,2395 622,2398 607,2383 595,2392 572,2388 537,2411 501,2410 458,2380 438,2399 411,2403 394,2392 349,2414 291,2372 263,2380 230,2403 213,2395 185,2407 167,2399"/>
              </Shape>
            </String>
          </TextLine>
        </TextBlock>
      </PrintSpace>
    </Page>
  </Layout>
</alto>
