2083 2540
173 65 1824 178 manuscripten en andere cariteiten vindt: onder deeze dagen wy een schouen

163 173 1784 136 Alworan, veele bijbels uit de 14 en 15de Eeuw waaronder een uit twee deelen

161 238 1800 139 bedtaande het eene op perkament en het andere op papier geschreven terwyl er

164 290 1840 148 van hetzelfde boek een Exemplaar en Engeland is waarvan het Eerste deel op

160 359 1847 154 Papier en het tweede op Terkament is geschreven: voorts een Griekschwerk

170 421 1825 130 at de 8=ee Eeuw, een Balterium van Tanst van 1459 en andere dingen meer:

165 484 1849 158 ner naastking het pourtract van Guttenberg. Op de bibliotheek zagen wy

163 564 1853 145 veele mechanische werktuigen, een model van de afgebrande brug van

165 628 1835 159 schafhousen bestaande uit ééne boog, een brandspiegel van 9 duim dik en

166 695 1817 161 derdehalf voet diameter. — In een beneden vertrek, waar de Professor ons

162 783 1843 154 vervolgens vragt vonden wy veele van de in de omstreken der stad opgedol„

166 852 1797 140 vere oudheden, als twee alharen van het jaar 236 en 246, veele stukken van

166 910 1837 153 de Cohors Prima, van de legiot adjutris, de legio I Augusta, de legio X Ma„

169 986 1759 142 ledouca, de legio XIV Gemina Martia ook wel vietzig die het Castellum

166 1032 1842 172 moguntiacum zoude gebouwd hebben, van de XVI en XXII legio Primigenia, Pia„

165 1106 1856 171 delis, voorts nog eenige antique stukken onder het rubriek Liberti, Servi„

173 1182 1841 142 antillae, cenigé ex acvo Merovingis, ex palatio Ingelheimensi Caroli Magui

171 1252 1817 146 zz ook stond hier een zeer Groot been van een Mammuth mede in de om¬

165 1318 1819 152 treek van Maintz opgedolven. In een paar kamers daar naast zagen

162 1392 1840 165 wy Eenige goede schilderyen waaronder een van Augustins Correggio

176 1466 1762 151 een waarop de beesten door Sneeder en het beeld door Rubbens

166 1541 1837 162 was gemaakt hier vonden wy mede een zeer schoon en fraan bewerkt

166 1601 1851 165 plan van eene brug die Napoleon hier over de Ryn had willen staan

172 1676 1820 153 die uit 10 oogen zou bestaan hebben dit was slegts het model tot

172 1750 1805 153 ene boog: dezelve zou zoo gemaakt zyn dat het Guarnizoen van

169 1806 1829 165 nents en Castel altyd onder de brug door met elkander kon korres¬

166 1871 1856 174 ponderen en met onder dezelve door van de eene zyde naar de andere

153 1937 1809 186 kon gaan, ware dit tot stand gekomen dan had het gewis een reuzen=

163 2076 463 121 werk geweest.

173 2066 1792 210 Hiermede moetgy n thans vergenoegen meer hebben wy van Meutezn

174 2196 1802 140 niet gezien en gy weet ik deel en niets mede als dat ik zelf ge=

174 2275 1327 145 zien heb: vaartwel dan tot eene volgende reis.
