2083 2540
1877 53 120 71 148.

181 77 1781 133 in het institunt een boom plant waarvan men dan eene aanzeeke„

171 141 1828 129 ning houdt: dan gij kent gewis het werkje voor eenige jaren door den ouden

170 204 1813 136 Heer Salsman uitgegeven onder den titel Beschriving van het opvoedings

171 264 1823 125 instituut te I. waargy dus meer over dit eet kunt vinden als ik

173 327 1814 134 in staat ben w mede te deelen. Niet vervan de plaats, waar onder opzigt

169 380 1844 140 van den H=r Gutsmuths de gijmnastische offeningen gehouden worden,

170 436 1819 130 vand men het graf van den ouden Heer Salsman die op zyn verzoek naast

171 494 1857 134 zyne vrouw zonder eenig uiterlijk teken onder de schaduw van eenige boomen

173 550 1839 151 uit; op zyn graf zeel men eenige rooseboomen en een byjna van bladeren be

171 617 1836 139 oofde vlierboom waarvan de lieden uit den omtrek, die dikwyls dit graf

169 677 1832 145 bezoeken, om eenig aandenken daarvan te hebben, gewoonlyk eenige bla„

172 742 1837 142 teren plukken. Na nog de tuinen van den director en die der Kweekelingen

174 802 1841 140 gezien te hebben namen wy afscheid van dien Heer die ons by uitslek

171 867 1850 145 wel beviel en by veel kunde en beschaafdheid een innemend voorkomen

166 932 1781 148 heeft. Om 4¾ uur Sneppenthal verlatende reden wy eerst een uur

170 980 1825 161 lang over eene slegte weg doch kwamen toen weder op de chansse

166 1061 1802 140 die ons langs en door verschillende dorpen om 8¼ uur in Eise:

167 1136 1827 135 nach bragt alwaar wy in het anker logeren. Deeze Stad ge¬

172 1206 1787 132 hoort den Groot Hertog van Sakeen Weijmar, die dus om van het

172 1271 1811 118 eene eind zyner slaten tot het andere tekomen, over het grondge=

172 1339 1813 137 bied van den Hertog van Saksen Gotha en over Pruissisch terri„

169 1408 1834 143 toir te weten door Erfaat, moet passeeren. — Dan hiermede zal ik

172 1477 1833 148 deeze sluiten want het souper wagt ons en deezen middag niets

179 1556 1284 140 gegeeten hebbende gevoel ik er wel trek toe

1319 1636 245 116 Vale

172 1670 1831 188 Ouze Kroonpains en Kroonprinces, die kort na ons int Berlijn

173 1802 1826 121 zyn vertrokken, hebben zich te weymar by hunner Zuster zoo

173 1870 1856 132 lang opgehouden dat zy eerst gisteren hier te Eizenacte zyn gea

174 1943 1772 136 wiveerd, zij vertrekken even als wij morgen vroeg naar Fulda
