2083 2540
387 0 320 36 Personen

1877 45 97 65 XVII

125 45 1836 146 Het eland Nonnewerth. Deszelfs Klooster merkwaardigheid dien aan¬

0 111 94 75 t.

0 141 1886 114 heim gaande. — De Zevenbergen. — Beeluik van al het schoone der Ryn.

0 214 1858 102 onspro Rolandseck. — Ruine van Godesbeng. — Dollendorf. — OverCassel.

0 272 1986 113 everd Kammersdorf. — Aankomet te Bouw. Groote processie aldaar. Be„

0 338 1912 102 unne schryving van dezelve. — Het slot en de slottui. — Oudheid der Stad.

0 402 1920 111 besch Logement het Kolnische Hof. — Eentonige en vervelende vaart tot

0 459 1950 115 Kant Keulen. Aankomst aldaar Logement het Hof van Holland. — Be=

0 534 1936 117 as schryving van Keulen. — Domkerk. — Is even als deszelfs twee

0 597 1967 113 them Lorens onvollooed gebleven. — Schoon Schildery van Philip Kalf.

148 664 1744 113 =Schedels der drie Heilige Koningen. — Kostbaar monument

0 680 152 79 weal

115 728 1875 119 waarin deeze bewaard worden. — Menigte kootbaarheden aan de

0 742 136 78 Bop

124 789 1777 125 kerk en het kapittel behoorende. —. St Petri Kerk. — Galanterie

0 819 129 66 Stol

133 858 1847 101 winkel van Engels. — Printte winkel van Avanzo. — Drie ver¬

0 878 128 73 Aan

123 917 1858 117 schellende wijzen om van Keulen te vertrekken. welke gekozen

0 944 90 88 ing

180 984 1778 131 vaart na Dusseldorp. —. Aankomst aldaar in het Hof van

0 1009 131 100 eraal

126 1042 375 132 Twee bruggen

498 1056 136 85 --

0 1089 38 55 e

1520 1068 454 96 Bladz 176.

0 1129 123 73 eeze

0 1199 136 76 wied

690 1183 473 173 Brief XXIII

0 1260 72 61 i

0 1322 118 89 hun

354 1289 1233 157 Uit Nimwegen van den 25 Augustus 1816.

0 1387 64 81 8.

139 1418 1826 173 Na acht weken buiten 's Lands geweest te zyn het vaderland weder betre=

132 1532 1819 138 den. — Reis van Dusseldorp naar Nimwegen. — Beschryving van Dussel„

128 1604 1737 115 dorp. — De maakt. Sandbeeld op dezelve. — Het slot afgebrand.

128 1661 1794 122 uitmuntende wandelingen in het Pank en de slottum. — voormalige

135 1718 1764 127 Schilder Galery te Dusseldorp.  Thans naar Munchen verplaatst.

132 1777 1839 134 vertrek van Dusseldorp. — Het schip vordert zeer langsaam1 — Keisers

140 1839 1831 110 werth met de uuine aldaar. — Wittler. — Borkum. — Reinum. — Ur:

140 1893 1793 125 dingen. — Bomberg. — Duisberger bosch. — Weleer waren hier veele

140 1958 1763 134 wilde paarden. — Rhoevoort aan het ruiertje de Rhoes gelegen.

139 2021 1730 126 Hier het anker uitgeworpen. Propositie van den Schipper.

141 2093 1794 134 Het groote schip verlaten en in een bootje gestapt. Gezegde

138 2160 1728 139 van den Knegt. — Hier door het gansche raadsel ontknoopt.

0 1736 114 114 ver

0 1830 118 71 Mas

0 1890 114 76 iete

0 1955 96 82 ber

0 2016 104 100 adje

0 2097 84 51 es

0 2165 94 76 er
