2083 2540
200 41 1833 170 even als by de letters eenigzints verheven. Tot gebruik der aandryks kunde, I

198 172 1827 91 hier een voortreflyke groote aard globe van 4 voet diameter waarop de Lan„

197 223 1786 102 den en bergen verheven en door het gevoel onderscheiden worden; de

197 289 1796 87 groote Zandwoertyn waren worden door eenige korrels zand, de bosschen

193 337 1822 117 door mosch, en de steeden door kleine lapjes, alles op de glove vastge

189 401 1789 102 Egut, aan getoond. Voorts vind men ten dienste deezer blinden hier nog

196 463 1754 118 eene kleinere aardglobe van 5½ voet diameker en eenige kaasten;

198 522 1782 113 op deeze zyn de rivieren door zyden draaden, die dunner by de oor=

195 595 1807 119 sprong der rivier, ook dikker worden na gelang dezelve breeder

195 659 1798 117 word, afgebakend en de steden even als boven door kleine roode

191 722 1785 126 lakense lapjes te vinden: wy lieten door een hunner Groningen

189 787 1804 123 opzoeken waaraan hy na even rondgevoelt te hebben, dadelyk

185 857 1829 138 voldeet. De natuurlyke historie wordt hun na houtene figuuren &

184 927 1835 137 de Geschiedenis en spraakkunst door mondelinge voordragt ge-

190 1000 1752 147 leert, terwijl men hun, daar hier kinderen van alle Godsdiensten

195 1074 1803 145 worden opgenomen, de algemeene pracepten der moraal doceert

192 1151 1834 135 door het voorlezen der Hteikge schriften voornaamlyk der 4 Evange¬

192 1235 1823 129 listen. Behalven de muzyk, waartoe andere meesters zyn, is de

197 1304 1777 132 Heer Zeune, eerste oprigter van dit inslituut, onderrigt in alle

202 1371 1832 140 deeze vakken terwyl zyne vrouw de vrouwelyke handwerken be¬

201 1452 1810 138 stuurd: het is een zeer lief man die het inditunt en 1806 op an

201 1526 1806 145 thorisatie van den Koning oprigtende, gedurende de 3 troubele

207 1602 1828 133 jaren, toen de Franschen alle daartoe van den Koning gegevene

199 1682 1806 139 gelden terughielden, geheel heeft aan den gang gehouden daartoe

198 1760 1760 134 zyn vermogen daaraan geheel en al opofferende, tot dat in 18og

191 1833 1824 141 de koning hem zynen opregten dank betuigende de ondersteuning

188 1906 1853 133 weder gezegeld gegeven wierd. De kweekelingen, die van hun 9de. tot

186 1983 1836 138 hun 12=de Jaar worden opgenomen en 5 jaar moeten blyven, worden of

185 2065 1799 122 op kosten van den Vorst of op eigen kosten onderhouden. Dan hier

192 2138 1818 126 mede stap ik van het blinde instituut af het geen reeds zamelik lang

180 2211 1831 134 geduurd geworden is doch, daar wy een dergelyk te Amsterdam hebben,

186 2287 1815 143 't geen ik niet weet of gij gezien hebb, dagt ik wat omslagtige te
