2083 2540
160 77 1833 169 tot de reis door den Haar weinig goed by ons hadden & ongaanne reeds

165 189 1817 103 den eersten dag door nat wilden zyn: de te Osterode de voet van

888 249 120 52 hebben

164 246 1801 126 het santsgebergte bereikt hadden was die tegen vóór ons een malum

162 307 1787 130 omen gelukkig heeft het zich egter tot nu toe geschikt, en zyn wij in

158 357 1827 150 ons plan van reizen niet verhinderd geworden dan dat wy met een

158 423 1819 163 lyfing in plaats van te voet naar Claasthal vertrokke. Na alvorens

166 483 1802 145 watgegeten te hebben reden wy om 2 uur met Extra post af, de weg liep

167 551 1806 170 onophoudelyk steel tegen de bergen op zoo dat onze 4 paarden dikwijls,

169 611 1804 154 zelfs als wy alle uit de wagen waren, de grootste moeite van de waereld

170 669 1816 177 hadden om de wagen er tegen op te trekken: hierdoor hadden wij bij

163 748 1807 145 na een groot ongeluk gekregen daar het eene paard op de land van

163 813 1852 156 eene peillooze afgrond ophield met trekken waardoor de drie overigen

162 882 1850 149 ter naauwernood de wagen konden houden, wy zaten alle in dezelve

166 947 1850 161 doch zommige onzer sprongen er op het voorbeeld van ouzen postel=

178 1017 1837 162 jon af om het paard by den Kop te Krygen: zeer flegmatiek zeide

172 1096 1773 152 ons deeze dat het paard wel eens aan een soort van vallende

171 1165 1794 159 ziekte onderhevig was en er dan zoo in eens maar neder viel

178 1244 1789 161 gelukkig dat hy het ons niet weder bakte. stetdoapje Lerbach

175 1316 1793 143 uit 100 huizen bestaande veraste ons door onverwagt uit eene

160 1387 1865 162 diepe vallen te voorschin te komen, hier wonen, zoo als men zogt

170 1460 1787 143 verscheiden Albinos en de meeste vrouwen hebben hier even als in

179 1537 1807 142 Zwitderland Kropgezwellen: wy hadden echter geen tyd om ons van de

180 1611 1820 138 waarheid daarvan te overtuigen wil zulks ons te lang zoude op¬

180 1682 1816 127 houden. Na nog aanhonderd geklommen en de schoonste gezigten

181 1747 1810 135 gezien te hebben kwamen wy om 5 uuren te Clancthal de hoofd=

186 1821 1782 130 stad van den Harts aan en namen onzen intrek in de Kroon by

186 1894 1751 138 den Kastelein Smith. Voornemens zynde om nog dien avond de

160 1973 1867 151 bloodmynen in de nabijheid dier stad te bezigtigen, haasteden wy ons

185 2049 1858 146 om ons van een zoogenaamd Erlaubniss scheen of permissie viljet

192 2126 1799 134 te voorzien hetwelk wy al spoedig van het vergambt bekwamen &

198 2195 1839 145 waarby de Overbergmeester, Htuttenreiker & Munzmeester bevolen wierden

200 2260 1793 141 om of de of door een hunner bedienden ons de Gruben, Puchwerke, Hutten

207 2326 1782 153 en muuze te laten zien: Hiermede gingen wy behalven Prof=s vswinderen

1907 82 86 75 42

0 1732 125 115 wek
