2083 2540
1049 61 948 152 Grombach den 6 Augustus 1816. 119.

620 338 566 136 Waardste vriend.

205 423 1712 189 Voor 20 Thialer onzen zelfden Berlyner voerman voor de tour door de

199 532 1815 157 Iaksische Schweits en terug naar Freyberg aangenomen hebbende, rede„

196 598 1821 173 wy Zondag El om 2 uur door de Pirnasche poort de stad Dreeden uit

187 662 1827 175 zeer te vreden over ons verblyf aldaar en al wat wij er gezien hadden.

194 727 1812 198 lene uitmuntende chansse vragt ons spoedig door het dorpje Lanbe„

186 791 1813 184 gast te Tilnitz twee uren van Dresden op de regter oever der Elve, welke

184 853 1839 177 wy hier met een gierbrug passeerden, gelegen. (zie N=o) Hier is het kasteel

183 933 1830 177 dat de koning des zomers bewoond; in een gedeelte van hetzelve woonen

188 995 1846 192 de kamerteren en officieren van het hof: Glen zegt in zyne reis dat hier drie

192 1063 1822 190 paviljoenen naar den nieuwsten smaak zijn bijgebouwd waarvan een het

194 1128 1790 189 kezerlyk, een het Pruissisch en een het Fransch paviljoen zoude genoemd

192 1191 1777 184 worden tergedagtenis van de eerste Coalitie tegen Frankrijk, die

193 1259 1831 186 hierin 1792 door Leopold de I, Frederik Wilhelm vader van den tegenswoor„

191 1324 1803 181 digen Koning van Pruissen, Monsieur Graaf van Artois, en de toenmalige

194 1399 1812 181 keurvorst thans regerende Koning van Saxen geelden wierd: of deeze

195 1464 1773 183 3 gebouwen werklyk zoo genoemd worden weet ik niet. Een gedeelte

188 1531 1860 181 der tuinen van het lustslot waren open doch de Engelsche en zoogenaam

187 1599 1829 163 de Hollandsche tuin waarin lonter vreemde gewassen uit America, China

184 1663 1828 170 de Indien, Iapan, de Moluksche eilanden, Egypten enz konden wy niet

181 1740 1812 151 zien dit wordt zelden iemand vergunt de koning heeft er alleen de

181 1801 1869 163 sleutel van. Achter het kasteel verheft zich op eenige afstand de vry hoo„

190 1872 1867 166 geSonsberg waarop eene kundtig gemaakte uure is gebouwd men kan

186 1940 1832 172 deeze berg van t voren bestygen doch ook een allerliefste zy weg in staan

191 2003 1854 189 wanneer men door een groot bosch van achteren op dezelve komt. uit eene

192 2072 1879 171 schoone zaal die binnen in de ruine is en in 't geheel van deze hoogte heeft

187 2132 1855 183 men het verzuklykst gezicht dat men zich kan voorstellen aan de eene

188 2205 1823 175 zyde op de stad Dresden en de gansche loop van de Elvelings af out

197 2279 1838 185 waart men Koingslein, Sonneslein en Pirna: ook van hier zieh men veele
