2083 2540
136 1 1706 180 vers waren vol volk dat gedurig met groote zeilen de booten over

135 97 1766 168 rivier wierd gezet de lucht van hun gezang doende weergalmen na

135 170 1765 138 n zeide was het eene processie die na de lieve Vrouw van Nevelaar

131 234 1766 159 ng. Na op de linker oever het stadje Steinwerth en op de regter het

130 301 1754 157 op Griet voorby gevaren te zyn, bereikten wy om 12 uur het stadje

133 364 1754 144 „merik op de regter oever gelegen: hier beloofden wy onzen schipper 5

137 420 1789 159 lden fooy zoo hy ons verder naar Nimwegen wilde brengen doch dit

131 485 1781 160 het hy niet doen vrezende dat in die tusschen tyd zyn Heer en Meester

134 550 1807 155 at het groote schip mogt komen en hem dan niet vinden; wy zagen ons

134 615 1815 168 is genoodzaakt hier aan wal te gaan en voor 8 guldens een an„

133 677 1782 167 „boot tot Nimwegen aantenemen. alles sprak hier reeds Hollandsch

134 746 1825 170 woon erlocz nog meenig Germanisme onder liep doch het rekenen

133 818 1800 158 stond men hier ook zeer goed daar wy de coffij en boterhammens,

136 882 1807 182 e wy gebruikten, schreeuwend duur moesten betalen. Toen wij weder

138 946 1808 200 igten scheep te gaan, sprak de knegt van niets minder dan ons te

134 1019 1802 174 resteren zoo wy hem niet de bewuste 21 kroondaalder betaalden

131 1090 1828 191 ie zyn Heer hem niet gezegd had reeds van ons ontvangen te hebben;

132 1161 1786 180 ons protesteren hielp niets tot dat wij hem eindelyk te vrede

126 1229 1826 184 elden door alle onze adressen optegeven en schriftlik te getuigen

131 1308 1784 199 al wy, alvorens het Groote schip te verlaten, zynen Meester ten

1038 1425 155 59 om 2 uur

131 1381 1815 202 ollen hadden voldaan. Toen wij van wal stakken had ouze

137 1458 1841 209 nieuwe schipper dehandigheid om over de rand der boot lopende

133 1543 1754 199 de Ryn te vallen, gelukkig hield hy zich aan het schipje

130 1605 1834 203 vast en was dus spoedig weder binnen voort hy dagt weinig aan

133 1689 1810 207 het gevaar waarin hij geweest was doch beklaagde zich zeer

130 1767 1764 200 ver zyne Zondaagsche klederen die nat waren Geworden. De

129 1849 1770 200 vind veel Gunstiger zynde namen wy een zeil mede zoodat wij

129 1920 1823 187 as de Ellerberg in 't gezicht kregen en spoedig dezelve voor by zecl„

127 1994 1796 190 hen: op de oever lag het nog onbegraven lijk van een persoon

131 2076 1785 177 die voor twee dagen te Wesel op de Schipbaug voor een rijting

131 2152 1834 172 willende wyken en de Ryn gevallen, verdronken en hier weder

130 2224 1833 193 opgevischt was: het Gansche rak, waaraan Keek en Bemen ligt,

1835 37 98 70 188.
