2083 2540
1937 73 88 65 115

197 86 1827 138 een boa en een Ratelslang: wat verder is eene groote collectie eyeren & vogel

192 170 1836 118 resten alsmede eenige praeparata op liquor waarvan ons onze geleider

187 230 1765 111 verhaalde, dat de Russen, toen zy hier indrongen, de glasen gekrikte.

188 286 1772 113 het liquer opgedronken hadden noehende dat het brandewin was.

185 326 1832 137 onder de horens en schulpen, die evenwel het minst volledig zyn, is eene

185 400 1790 126 echter wenteltrap waarvoor 800 daalders is gegeven. — De Rustkam=

190 461 1805 139 mer is op het oog een onaanzienlyk gebouw waar men in dertig kamers

191 521 1828 143 eene ontzettende verzameling van Sabels, degens, dolken, pongaarden, stryd=

187 595 1793 143 namers, lancen, pistolen enz by elkandervindt waarover men 600 jaaren

180 654 1834 149 verzameld heeft: onder de pistolen die drie ga: de muren van drie groote

174 727 1847 143 vertrekken van onderen tot boven vulden zagen wyer van de alle eerste

171 796 1812 142 intvinding die Berthold Schwaats gebruikt had, de justolen van Karel XII

175 869 1768 153 koning van Sweden die na zyn dood in het camp gevonden zyn, de

173 939 1820 139 daatsie pistolen van Lodewyk de XXX die zeer ryk zyn en nog andere

172 1003 1852 142 van de allervreemdste structuur. In ieder kamer zich men het opgezette

182 1073 1814 150 of van hout nagemaakte paard van een der Neuzvorchen en dan of

180 1145 1811 140 geheel geharnact of als staatsie paard opgetuigd wanneer het ting

182 1211 1792 131 van paarlen, topazen, robynen enz schitterde; hierin is deeze verzame„

180 1274 1776 150 ling gewis al zeer ryk als mede in staatsie klederen der Keurvorsten

189 1335 1760 140 in staatsie sabels en degens van goud met smaragden en robijnen

177 1400 1835 145 ingelegd en dikwyls door den eenen vorst aan den anderen teng„

171 1468 1824 152 schenk gegeven; zommige vertrekken waren zijn gevuld met Indiaan¬

171 1541 1857 151 sche wapenrusting, andere met helmen, pancers, Curassen, spooren cnz

176 1603 1755 158 in een ander kamer ziet men de hoed en degen van Peter de Groote

170 1671 1796 158 welke deeze in zyntgd hier doortrekkende met den Keurvorst

174 1739 1785 176 had verwisseld, op die degen is het veeld van Frederik Hendrik

168 1790 1875 200 waarschynlyk heeft dus de (laar, die op zyne terugreis van Holland

173 1889 1829 185 hier door kwam, dezen Sabel of degen door Frederik Hendrik weleer

168 1960 1882 174 gebruikt ten geschenk ontvangen. Karel de XI1, Peter de Groote en Gustaaf

168 2052 1810 160 Adolf zyn hier ook in was gebockseerd en geheel geharnaet: onder

168 2126 1871 171 het onnoemlyk aantal geharnaste ridders zyn veele met zilveren

164 2198 1796 160 wapenzustingen en eene zeer kostbare wapenrusting terwaarde

163 2276 1811 151 van 15000 Thaler, ook zijn er veele te paard met lansen gewapend

171 2346 1798 158 als of zy zoo op elkanderen zouden inzyden, het is als of men
