2083 2540
1847 0 64 27 -

1908 0 60 33 -

393 0 301 35 Personen

136 10 1842 143 ons niets byzonders: wy hielden ons ook slechts een oogenblik al„

140 73 1819 143 daarop ten einde tot te betalen het geen ons door een bord voor het

138 131 1836 144 olhun geplaatst, waarop de cyfers van Georgius Rex, wierd aange„

139 197 1842 134 zuid. op wy hadden plan om van hier over Nieuhuis en Noordhoorn

137 250 1835 132 raar Beutheim te vertrekken, doch de zeer koddige kastelein, die

137 299 1846 157 hiet zich op ons verzoek door een onze liet uittekenen, daartoe

137 358 1858 156 zyne slaapmets in eene behoorlyke rigting op het hoofd zettende,

139 425 1862 153 verwittigde ons dat wij de vecht, die wegens de menigvuldige regen

136 485 1876 165 zee gezwolle, was, niet konden doorzyden 't welk ons deed besluiten

136 549 1877 153 om over Ringe en Velthuis te zyden. In laatstgenoemde plaats kwamen

136 614 1862 171 wy om 10 uur aan en woonden voor een oogenblik de godsdienstoefe„

135 677 1881 176 ring onder het gehoor van Do. Koppelman: by de paarden wierden hier

137 734 1875 180 en weinig uitgespannen, gedurende welke tyd wy wat in het tamelyk

135 797 1864 181 groote dorp rondwandelden, waarna wy weder, vertrokken gedu„

137 858 1857 187 zig over eene doize heide rydende waar onze voerman zomtyds

138 928 1855 173 het regte spoor miste, gelukkig kwamen wy toch na het klooster

136 989 1811 193 Frenswegen regts te latende liggen om 12 uur te Noordhoorn. wy

138 1061 1881 175 stapten af by de ouders van den sludent Sluiter wier over groote

140 1126 1874 176 vriendschap wy niet genoeg kunnen noemen: van onze komst ver

139 1188 1818 164 wittigd wierden wij aldaar op een delicieus dizer onthaald

148 1252 1837 175 't welk wij door eene wandeling in en om A het stadje lieten

141 1313 1890 172 voorafgaan wy welke gelegenheid wy de eerste door water gedre

141 1388 1877 176 vene molens ontwaarden: even voor ons vertrek hoorden wij hier

147 1457 1858 163 nog de oude H=r Schults voor eene zalryke gemeente prediken

147 1523 1885 172 Na afscheid van onze gulle gastheeren genomen te hebben, verlie

151 1589 1854 157 Een wy om 4 uuren Noordhoorn, wy waren tot Bentheim geaccor

153 1650 1896 158 deerd voor 4-10 - „ en wildra na tot Brandlicht op de Ysterberg

158 1718 1834 169 gekomen te zynde wierden wy door het hooggelegene kasteel van

158 1792 1892 141 Bentheim verraet van schoon het nog een aind weg ligt er van af

149 1853 1898 160 ligt, dit eerste gezigt van deeze vry aanzienlyke hoogte trofour

144 1927 1891 145 zeer en langen tijd slaarden wij op alle ons onringende voorwerpen

155 1992 1891 149 Even vóór Bentheim Acte, wy de wager naar de herberg zyden &

162 2061 1860 134 wandelden langs eene zeer moerassige laan naar de zwa¬

161 2130 1880 148 velbron genoegzaam midden in het bosch gelegen: wy vonden het

159 2197 1887 133 koepeltje, dat op dezelve staat, gesloten hetgeen d ons evenwel

162 2259 1881 156 met verhinderde om de onaangename reuk van het water
