2083 2540
158 72 1724 161 Thans nog een half uur van Coblenz verwydert, ziet men reeds van verre

150 153 1810 141 de hooge rots van Ehrenbretstein, die just over genoemde stad gelegen is,

154 224 1834 130 dan eerst moet men nog om midder in de rivier gelegen eiland, over of Magda=

152 287 1847 135 levenwerkt geheten, waarop de ruines van een nonneklooster zyn, heen loeyen

158 354 1806 132 en op de regter oever het behoorlijk Horgheim en Tjaffendorp passeren wan¬

157 417 1788 131 neer men op eens door het schoonste gezicht op het Karthuizer Klooster,

147 473 1853 138 dat naby Coblenz op eene aanzienlyke hoogte gelegen is, op die stad zelve,

150 544 1772 132 op de verwoeste vesting Ehrenbrechstein en op de aan deszelfs voet

146 597 1850 144 gelegene stad Thal Ehrenbreckstein, verrast wordt: van hier is het gezicht

150 678 1830 129 genomen voor de plaat in het 2=e deel van Bongardts reizen welke gy on„

151 746 1832 141 getwyfeld zult hebben; en dat zeer naauwkeurig is deeze plaat getekend.

147 817 1819 145 wygingen te Thal Ehrenbrechstein aan wal en bestelden het middagmaal

141 880 1814 139 in het voortreflyk logement het witte Paard waarna wij terstond met

141 938 1864 148 de Gierbrug, die alle vierendeel uur overvaart, naar Coblents overstaken

140 1005 1830 144 hier weder aan de commissaris tot het ontvangen van het geld merken:

136 1082 1799 143 de dat wy ons Vaderland begonnen te naderen, daar deeze, even als

142 1152 1849 134 onze schipper en eenige andere personen, deels goed deels gebroken

145 1221 1823 144 Hollandsch spraken. Deeze stad, die van het zamen vloeyen der moezet

142 1293 1783 148 en Ryn dien naam ontfangen heeft, is met schoone straten en goede

138 1359 1776 131 gebouwen voorzien. De brug over de Moezel uit 14 oogen bestaande is

136 1434 1839 157 zeer Schoon en Groot; in de brieven over Duitsland wordt deszelfs leng te

136 1502 1865 141 op 500 schreden bepaald doch my dunkt schoon ik dezelve niet geme

140 1567 1863 142 ten heb dat het met de helft dus met 250 wel zal ophouden: het uitzigt

138 1645 1838 143 op dezelve is heerlyk en sterk de stroom der Moezel die onder hare

131 1714 1851 147 bogen door vruischt. Het slot, dat te voren zeer prachtig moet geweest

133 1789 1849 140 zyn, waar gedurende de revolutie oorlog de Fransche Prinsen zuh

134 1863 1838 143 zoo lang hebben opgehouden, doen de Eingranten by gansche hopen

132 1933 1796 145 naar Coblentz stroomden, zieh er thans aller desolaatst uit daar

126 2012 1799 157 het zedert verscheiden jaren immer tot Cazeanen en Magazynen

139 2093 1864 149 is gebruikt geworden en nog gebruikt wordt. van de hoogte, waarop

137 2173 1800 128 het voormalige thans echter geheel en al verwoeste Karthuiser

136 2251 1784 127 klooster stond staat, werwaarts wij met een kleine jonge tot gids

138 2327 1795 141 heen wandelden, heeft men een voortreflyk uitzigt regts over den
