2083 2540
202 55 1784 159 voor Bierts of Biederits brak ons deas van het ryling waardoor

210 156 1766 130 genoodzaakt waren in het huis van een Smit te wagten tot deeze

205 212 1682 113 nieuwe bont zoude gemaakt hebben: dit duurde ontzettend

212 271 1757 120 gen reeds toen verklaarde ons onze voerman dat hy ons ommoge

201 329 1733 140 dien avond in Brandenburg kon leveren, en dat wij onderwegen

198 389 1727 122 rof daar maar na een goed heerkomen zien moesten: wy leefden

195 448 1743 144 her nog al in hoop en wilden niet graag in een ellendige dorpo=

195 516 1799 143 naberg den nagt passeeren: na Karwits en Pietsbur gepasseerd te

226 579 1727 146 zynde kwamen wy aan eene herberg Niebuhs genaamd, het

205 653 1814 145 zon reeds donker te worden doen wy tegen het zin van den voerman

207 727 1769 158 hier blyven wilde, van daar reden; de naadte plaats waar

214 799 1753 156 komen konden was Thesen waar men zeide dat eene goede

192 881 1756 163 herberg was: dit dorpje lag midden in een bosch meer dan 3

189 952 1825 160 urlang, wy hadden om de onophoudelyke tegen de wagen nog

182 1034 1825 163 geheel digt en wisten dus, daar het stikdouker wierd, niet

185 1113 1815 139 waar wy waren dan alleen dat wy door een bosch reden: spra¬

183 1184 1820 148 eloos zaten wy ons allen beschuldigende van op de vorige plaats

185 1258 1810 149 nette zyn gebleven toen de voerman op eens stilhield en by het

182 1318 1811 156 portier kwam, zeggende dat zyne vermoeide paarden het niet

184 1389 1799 155 verder in de slegte weg konden brengen en hy niet verder dorst

186 1460 1815 161 lyden: wy stonden voor een ellendig klein huttje waarvan de

182 1532 1833 146 bewoner reeds na bed zynde door ons herhaald kloppen tegen

179 1604 1848 164 het vengster wakker wierd, voor kwam, en niet dan met moeite

177 1675 1849 161 ons in zyn huis wilde opnemen. wy begrepen toen dat het geen

180 1751 1776 165 perberg was en onze voerman in de duisternis verwaad

182 1821 1809 158 was: wij konden niets te drinken krijgen zelfs geen water &

178 1901 1851 167 moesten ons tot alle spijs met een stuk zwart brood vergenoe¬

179 1972 1824 157 gen: aan bedden was ook niet te denken zoo dat wy op de van=

182 2045 1839 165 ken rondom de muur maar wat leggen gingen met het hoofd op

180 2121 1794 148 een mantel, spencer of zoo iets terwyl onze voorman in een

179 2194 1866 152 hoek van het vertrek op wat stroo was gaan liggen: wij haer¬

188 2271 1837 153 der afgesproken om elk een Gedeelte van de nagt wakende door

193 2357 1784 139 te brengen, wanneer de een den volgende zoude oproepen, geen
