2083 2540
1902 29 106 80 68.

165 66 1848 130 ook al een reisje naar Parys gedaan en is eerst na de vrede terug gekomen

169 148 1848 100 men verhaalt dat het alleen geschied is op herhaald verzoek van Klu„

166 203 1850 104 cher die zyne soldaten gedurig toeriep: Voorwaarts Jongens wy moeten

170 252 1835 110 ouze wagen weder uit Parys halen: en dat zulks de aanleidende oor„

164 309 1839 113 zaak geweest is dat de Mogendheden de teruggaaf van alle gestole

163 361 1846 121 ne kunstukken gevorderd hebben, dat er voor dien tyd geen quaestie

166 411 1828 116 van geweest is. Ook heeft klucher, toen zin corps eenige uitmuntende

169 472 1855 118 paarden genomen had die Napoleon ten geschenke aan den een of ander

165 531 1853 110 vorst wil de geven, en deeze hem het vragen tot wat prys hy gezegde

171 589 1848 126 paarden wilde uitleveren, geantwoord: voor de 4 paarden en de lege

164 661 1859 128 wager op de Brandenburger poort: over welk antwoord de Exkeizer

166 725 1803 133 van kwaadheid zoude gestampvoet hebben. — Dan weder ter zake

164 789 1856 136 Het koninglyke slot, 't welk wy enwendig met gezien hebben, is een schoon

165 858 1814 138 en taotsch gebouw 430 voet lang 276 breed en 101 Rhynlaadsche voeten

166 925 1851 142 hoog men is thans drak bezig er aan te timmeren: het word door eenige

165 994 1806 144 van de koninglyke familie bewoond daar terwyl de koning in het pa=

170 1064 1841 128 lis van den Kroonprins, waar hy als zoodanig te voren woonde, ver

167 1128 1836 142 riest te blijven het slot aan zyne familie overlatende. Dit Paleis van de

166 1195 1816 140 kroonprins schynt uiterlyk met zeer groot te zyn doch is aangenaam

161 1254 1848 155 gelegen tegen over het Tinghuis en kort by de Linden. verder vindt me

165 1319 1831 150 nog het paleis monBijon zynde een aanleg van Frederik, het ligt

157 1388 1862 136 alleraangenaamdt aan de oevers van de Spree en de wandeling in deszelfs

160 1458 1839 136 tinnen staat, naar het mij voorkwam, een ieder vay. - Het arsenaal word

158 1521 1850 156 niet alleen voor een wonder van Duitsland maar zelfs van geheel Euro„

164 1588 1854 152 pa gehouden ook lieten wy den woensdag middag, wanneer het gebouw

163 1653 1832 132 voor ieder te zien is, niet voorbygaan zonder hetzelve te bezigtigen.

164 1714 1858 148 op de ouderste verdieping ziet men eene menigte kanonnen, hauwitsers

154 1778 1870 155 enz terwyl de opene plaats midden in het gebouw grotendeels met kogels

151 1856 1836 132 gevuld is; de zalen boven, waar wij veele menschen vonden, zyn vol

153 1923 1853 121 vertierd met vaandels & troféen alsmo en vol van allerhande wapens

151 1982 1872 125 meest op de Fransche veroverd wat de eerste betreft in de revolutie &

160 2044 1868 133 wat de laatste aangaat in de volgende oorlogen met deeze mogenheid.

159 2119 1866 136 buiten dien zyn hier meer dan 200, 000 gewezen alle op het oog zeer goed

161 2194 1841 138 en order en in Eyen horisontaal boven elkanderen gelegt gelegt
