2083 2540
193 1 1803 204 heb ik geen gebruik van de gelegenheid gemaakt. Zeer ryk is het magazyn

193 122 1821 131 hierby behorende wy zagen enkelde stukken van 2000 daalders, uitmin

194 178 1847 166 tende plateaus, prachtige desert serviezen, waarvan ieder bord om het uit=

194 238 1811 164 en voortreflijke schilderwerk tusschen de 50 en 60 guldens koste, bustes

192 296 1816 149 schilder en bloemstukken waren ook zeer schoon: er werken gewoonlyk

192 352 1827 166 400 man. Eenen Zondag in Berlin doorgebragt hebbende had ik na

189 418 1839 178 tuurlyk nog al beter gelegenheid om de Kerken op te nemen en myne

189 489 1855 168 bevindingen hieromtrent zal ik ukortelyk mededeelen. De Room

184 559 1844 181 sche kerk van St Stedwig agter de Opera tegen over de bibliotheek

178 633 1859 196 gelegen is een voortreflyk gebouw dat zich van verre heerlyk voor=

183 707 1836 191 doet het is geheel naar het Partheon te Rome gebouwd. De Dom kerk,

188 782 1839 180 by monbijon gelegen, waarin, behalven de 2 Koningen in de Guarni¬

186 852 1833 184 Roenskerk te Potsdam begraven, alle vorsten van Hohenrollera en

188 933 1839 184 Brandenburg rusten, wordt geheel vertimmerd vooral van binnen

188 1012 1832 191 waarschynlyk wren dus alle monumenten voor dien tyd wegge¬

190 1082 1865 178 mint daar ik er geen gezien heb. Eene kerk wierd geheel afgebro

189 1165 1856 171 ken en zou tot de grond geslegt was worden zynde voor de twee

187 1243 1776 182 de reis gedeeltelyk afgebrand ik meer dat het de St Sophien

187 1310 1825 184 kerk is die voor 600 jaren mede geheel is afgebrand. Behalven

181 1389 1835 176 deeze vindt men nog de Guarnizoens-St Dorothea en St Nicolaas

182 1457 1866 179 kerken en op de Geusd'arme markt aan weersziden van de Come¬

185 1527 1863 183 die de nieuwe Fransche en Hoogduitsche Kerken die inwendig net

187 1610 1862 169 zyn, vooral de laakste, beide pronken met Schoone torens waarop

182 1692 1827 169 twee koperen standbeelden de zegepralende godsdienst en de over„

185 1756 1850 184 winnende deugd voorstellende. Ook Berlyk heeft zyne nuttige

186 1830 1800 180 inrigtingen als een institunt voor doof stommen en een voor

182 1899 1864 180 blinden, ondanks alle onze, moeite hebben wy het eerstgemelde

183 1970 1842 163 niet kunnen zien, het schynt even als by ons te Groningen slechts

188 2060 1824 163 op bepaalde dagen voor vreemde open te staan, want aan het

186 2133 1815 177 gebouw zelve ons vervoegende berigte men ons dat wij een

188 2213 1861 160 dag te laat kwamen en nu niet voor de volgende week gelegen¬

179 2289 1764 180 heid hadden om het instituat te zien, het spyt my deste meer
