2083 2540
1924 70 84 93 111.

182 82 1725 135 schoon zyn, verder het vorsteeld van Raphael en dat van Mengs zelve:

186 149 1834 130 hetgeen my voorts het best beviel waren 2 Centauren uit Hterculaaren opge„

180 220 1853 121 dolven, twee athleten, een L accoon naar de beroemde Lascoon gemaakt en eene

179 273 1857 133 littende Agrippina wier houding zoo nahuurlyk is dat men op eenige afstand

180 331 1836 138 staande zich naauwlyks verbeelden kan dat het een veeld is. Een Ajag, die

182 395 1782 128 den gewonden Patroclus met zyne knie ondersteunde en met de armen

185 461 1784 139 nachte opte beuren, is keurig bewerkt gelyk mede een Thesens kop, eene

186 520 1832 139 Meljomene en het beeld van eenf Grieksche redenaar dat een waar mees¬

182 588 1826 137 terstuk is: ook hier waren veele jongelieden bezig te tekenen en anderen

182 655 1798 141 te boekzeren. Ia myn vriend, nergens zal een liefhebber der tekenkunst

174 724 1756 140 zulke gelegenheid vinden om zich in zijne kunst te oeffenen als hier:

169 780 1853 150 vooreerst levert de stad Dresden van welke zyde men dezelve ook moge

170 848 1764 145 naderen de voortreflykste gezichten op, van deszelfs brug heeft men

171 914 1800 147 naar weerszyden niet minder schoone zoneelen men behoeft slechts

166 970 1833 154 eenige weinige uren te gaan en men bevindt zich in de Paksische

168 1038 1833 151 schweits waar alles ruwe en woeste natuur is; daarby heeft men

170 1107 1862 157 in de stad zelve behalven eene menigte particuliere cabinckten en verza

164 1181 1811 145 melingen de gallerij van antiquen, de gipsen van Mengs, en de voor=

167 1253 1852 153 treflyke schilder gatery tot alle welke verzamelingen hen gulhartig

166 1318 1838 166 dagelyks de toegang wordt verleend. Vooral de opzieners van de schil=

162 1395 1858 153 der gallery zijn zeer gedienstig, de stukken, die men wil copieren, des ver=

168 1459 1866 168 kiesende, uit de lysten nemende. Tot deeze verzameling van schilderyen

166 1535 1864 158 gewis een der besten van Europa, legde Hertog George van Saksen, gerug

164 1598 1871 166 steund door zynen Vriend Lucas Cranach, den Grond: Keurvoust Morstz

165 1676 1786 163 vermeenderde dezelve sterk: Ioh: George I kocht zeer veel daarby:

166 1742 1872 171 August I beschermde deeze verzameling en August II bragt haar tot

168 1829 1882 159 de tegenwoordige trap, hy kogt de verzameling van Modena voor 1, 800, voc

165 1904 1804 158 Taksische daalders; alsmede 6 schilderyen van Correggio waaronder

159 1977 1869 140 zich diens nacht, 't welk men voor het schoonste stuk der gansche ver=

163 2041 1833 156 zameling houdt, en zyne kleine Magdalena bevonden voor welke alleen

168 2104 1872 158 13, 000 Hollandsche ducaten wierden betaalt: hy plaatste het eerst deeze

156 2169 1897 145 verzameling, waarin thans behalven eenige copiëën 1200 originelen van 400

156 2240 1888 148 meesters zyn, in haar tegenwoordig locaal. Toen Frederik de Groote in de

162 2307 1874 158 zevenjarigen oorlog zich van Dresden had meeser gemaakt wierd deeze
