2083 2540
164 72 1830 159 k hetgeen ons onze geleiden verhaalde dat namelyk om de 14 dage

164 184 1846 105 hier gepredikt wierd wanneer de keurvorst er zich altyd laat vinden;

164 247 1811 106 eleeraar zal zyne rede gewis dan goed moeten bestaderen, want de

160 316 1868 107 likke en digtbeschilderde glazen laten er het daglicht ter naauwernoot

158 377 1837 108 toor. Aan de overzyde van het burgplein is het eigenlyke hoofdgebouw;

157 439 1869 107 over deszelfs ingang ziet men het steenen borstbeeld van een geharnast ui

159 507 1848 106 ter en in alle vertrekken, die wij hier zagen, wordt de illusie eerder ver¬

158 569 1852 116 neerdert dan vermindert, het huisraad is aller ouderwetsch, de behangen

159 631 1799 113 vaarop ridder gevegten en tournooyspelen geborduurd, anderen waren

156 695 1865 111 geheel van gitten gemaakt: men vond er pourtracten van oude Hessische

155 758 1859 111 vorsten & voor het overige alle uit de ridderzyden & riddergeschiedenissen

152 819 1866 123 als de historie van Don Quichotte enz dikwyls aller zonderlingst geschil„

152 891 1842 110 dert, kortom bedden, stoelen, serviezen, alles alles was of uit de 14de en

160 956 1835 112 6=de heu herkomstig, of zoo naauwkeurig nagemaakt, dat men het er voor

155 1023 1849 111 houden moest. De retzaal en de ridderzaal boven elkanderen gelegen wa=

158 1096 1833 115 en de beste vertrekken, de eerstgenoemde was circelrond, op de andere vond

150 1165 1765 119 men eene groote verzameling boralen, heusen enz waaronder zeer

153 1227 1796 123 groote. De bibliotheek bestond meest uit ridderromans & was zeer

152 1294 1825 123 Klein. Hieronymus plagt dikwijls op den Loavenburg te komen & er ge=

150 1357 1814 134 heele dagen door tebrengen doch er eens alleen zynde was hy door een

150 1427 1789 140 spook zoodanig geschrikt dat hij zich hals over hoofd van boven

155 1492 1782 145 gegooid had en in zyn koets was gekropen: gedurende de twee

150 1558 1873 158 jaren, die hy na dien tijd noch nog op Wilhelmhoke door bragt, had

148 1650 1831 135 hij er nimmer weder komen willen. Dao Na alles hier rond gezien en opge¬

150 1715 1881 132 nomen te hebben begaven wy ons naar de herberg aan de voet der Octogoor

152 1792 1865 135 alwaar wy ons met een dronk Rhyn wyn verfristen alvorens de reis naar

160 1868 1864 138 den Hercules aan te nemen, onder het lommer der bomen zittende hadden

152 1940 1856 143 wy een uitmuntend gezicht op Cassel hetwelk in eene diepte voor ons

169 2023 1854 135 lag: wy hadden nu nog 900 trappen te bekleimen om tot de pyramide

173 2092 1809 139 te komen als wanneer wy wel 2000 voet boven Cassel verheven waren

179 2167 1782 135 daar het meer dan anderhalf uur distantie is en de weg geduzig

182 2247 1824 143 tegen de hoogte oploopt. Na alvorens om iemand gezonden te hebben
