2083 2540
180 1 1720 205 ulen te vertrekken. De eentonige oevers waren hier aan weerszijde,

179 126 1729 148 plaats van met wynstokken met koren bezet, men vindt op dezelve

180 189 1637 167 nige dorpen van geene de minste betekenis als daar zijn

176 247 1803 159 nelas, Berchem, Mondorf, NiederCassel, Dangelt, Zundorf, Ens, west¬

169 330 1808 155 over en Pol op de regter oever, en Udorf, Wifeld, widdig, weilingen

171 397 1787 154 odorf, Swrt, Weisf en Rothenkoschen op den linkeroever: van hier

175 462 1820 161 oft men een schoon gezigt op de stad Keulen die zich als een halve

174 535 1799 141 aan aan de rivier uitbreidt en zich met de manigte van schepen

167 607 1777 165 met hare drukte op de oever byzonder wel voordoet, zonder

169 671 1781 177 mige byzonderheid en niet zonder ons sinds Bouw verveelt te

164 749 1786 177 wen kwamen wy even voor acht in deeze stad aan. Aanstonds za„

164 827 1812 180 en wy ons door een zwere Kruiers en dragers omringd waarvan

166 905 1803 180 wee zich dugtig zouden afgerost hebben om myn vallies te dragen

162 986 1754 162 tat elk meende dat ik het hem beloofd had; om dit voortekomen

162 1051 1751 178 an ik het zelf onder de arm en bragt het in het logement Het

162 1128 1772 197 tof van Holland aan den Ryn Gelegen waarwy gelogeerd hebben:

160 1206 1799 185 ynde de overige logementen aan de rivier geen plaats meer ook

160 1280 1834 175 baren wy er zeer wel: my veel alleen een klein kamertje op de derde

165 1358 1755 170 vierde verdieping ten deel van waar ik op myn bedliggende

164 1435 1789 171 en rui en onbeperkt gezigt had op de heer en weder varende

154 1550 1110 142 schepen en op de gansche regter oever.

166 1551 1777 208 keulen is eene zeer oude echter naar myn inzien allerakeligste stad zy

161 1681 1778 158 is zeer groot wordende van omvang door sommige wel met Amsterdam

166 1743 1779 172 gelyk gesteldt schoon haare bevolking slechts 43, 000 zielen bedraagt:

178 1816 1714 148 „87 werdt de stad uitgelegt, de muren beslaan eene omtrek van

159 1868 1820 159 6182 schreden zoodat men dezelve in 3 uur naaulyks van rondwan„

148 1949 1778 170 delen overigens zyn dezelve van 83 torens en 13 poorten voorzien.

149 2022 1837 150 Te voren vond men te keulen 450 Geestelyke gestichten en tusschen de

147 2089 1816 170 1000 en 3000 geeselyken welk getal verbazend is verminderd nadat

149 2162 1815 171 door de Franschen de 50 aldaar zynde kloosters opgeheven zyn

144 2233 1771 163 geworden; behalven eenige goede straten, waaronder eene die

142 2306 1813 159 een volkomen uur lang is, zin deeze meest zeer naam, krom &

0 1668 155 106 1816.
