2083 2540
1928 25 84 78 69

196 70 1830 135 de middelste minte wordt gevald net plans van eenige Fransche

197 147 1726 131 vestingen op groote tavels geplaatst als van conde, manbeuge,

193 196 1844 159 Ryssel, Landan, Paar Louis, Straasburg en eenige anderen, van valo„

191 266 1803 151 waren de vijftig toises op een halve voet gebragt: men had het uit

189 332 1818 129 Parys medegenomen doch op wat manier de Pruissen er aan gekomen

190 379 1842 147 zyn weet ik niet. Ook Wit Behalven de verzamelingen en cabinetten ommid

197 442 1811 159 delyk met de Academie in betrekking staande, waarover in eene vol=

196 504 1816 157 gende, vind men hier eene verzameling der Naturforschende Freunden

191 569 1845 161 wien de vorige Koning een geboor in de Jager strasse gegeven heeft

194 640 1825 145 wanneer men nagaat dat hier 50 jaren over versameld is moet ik

200 702 1824 159 zeggen dat dezelve mij geweldig uit de hand viel ik zoude althans

190 765 1848 163 niemand raadden om deeze collectie, na het bezigtigen van het mureum,

185 838 1800 153 te gaan zien, zoo als wy gedaan hebben, maar wel in eene omge

177 905 1761 150 keerde reden wanneer het nog al voldoen zal. zeer fraay is de

188 965 1812 176 Ginstiniaansche Samlung schilderyjen schoon klein en slegt ge=

193 1041 1826 153 plaatst zynde te weten boven de Koninglyke muilezel stallen waar

194 1098 1787 162 het licht ook niet te vest valt men vindt er anders uitmuntende

190 1171 1797 146 stukken onder van de eerste meesters; voor 173 stuk heeft de koning

186 1227 1801 185 180, 000: Thaler gegeven dus kunt gy begrypen dat het geen alle

191 1290 1816 174 daags werk is: eene importante son voórwaar die men echter 1in

184 1364 1800 167 4 a 3 dagen in nieuwe daalders zou kunnen betalen, wordende

186 1440 1833 166 hier in de munt dagelyks 40000 stuk daalders geslagen: da„

187 1519 1861 181 omtrent deeze ben ik uw nog wel eene beschryving schuldig- Het

192 1592 1844 167 is een schoon, groot, geheel op zich zelf staand gebouw, 't welk men

190 1663 1864 167 dadelyk voor een munt erkend wyl op de muren aan de buitenzyde

193 1745 1854 175 in zerk het bedryf eens munters is Gebeiteld. Men ontvangt hier

189 1814 1825 177 het zilver in min of meer groote staven, die in desmeltovens tot

193 1900 1839 173 kleinere versmolten en in een pers machine nagenoeg als een pers

193 1972 1820 179 tot eene zekere dunheid (wy zagen hier Daalders slaan en dus Kre¬

197 2043 1841 207 gen deeze staven slegts de dikte van zoodanig stuk) geknepen worden

195 2119 1863 175 vervolgens tusschen schroeven naar de grootte van het te munten

191 2190 1845 182 geld afgesneden vallen dezelve dadelyk door de tavel in eene geslo„

191 2270 1792 194 tene bak, worden nu reeds stuk voor stuk gewogen & afgevylt.
