2083 2540
1145 48 666 149 Berlyn den 19 July 1816.

575 222 273 142 Amile.

192 269 1796 250 zoo zyn wy dan in Pruissens hoofstad aangekomen, hebbend dat Berlyn,

198 418 1724 158 waarna wy zoo reikhalzond verlangden, zoo hebben wy dan de

191 484 1761 149 gootste de belangrykste stad op onze gansche reis bereikt: den

191 547 1816 169 myn vriend verwagt in deeze brief geen woord over Berlyn, Spaar

188 616 1833 164 uwe nieuwsgeerigheid tot eene volgende, die ik en van hier zal zouden

185 685 1832 165 want weet dat wy hier zoo op het oogenblik hier aankomen & deeze

186 747 1817 164 nog van avond moet geschreven worden gy zult dus alleen onze

183 849 1450 130 overtogt van Maagdenburg herwaarts vernemen.

184 885 1801 170 onder eene gestadige regen verlieten wy eergisteren den 17 Maag:

183 986 1796 142 denburg tegen den middag, reden over de schoonebrug over de

190 1042 1774 156 Elve en eene geruime tijd door wallen, poorten, redoutes enz tot

190 1106 1817 155 dat wy aan het eind der buiten werken by het laatste wachthuis

186 1185 1826 149 wierden opgehouden. Hadden wy ons by het inkomen der vesting

185 1252 1823 165 verwonderd dat men ons alleen vroeg van waar wi kwamen,

189 1316 1836 184 daar wy anders by de poorten der kleinste steden dikwyls naam

187 1407 1805 152 voornaam, beroep en duizend andere duigen moesten opgeven,

184 1477 1833 158 thans by het uitryden wierd er naauwkeuriger opgave gevor¬

187 1547 1804 161 derd: doch de militair, die by het ryting kwam, tekende het zeer

190 1622 1803 169 fantief op want het woord Professor als qualiteit van neef van

188 1708 1818 144 winderen opgevende meende hij dat het een eigen naam was

186 1771 1802 153 en tekende zulks in plaats van Modderman op, ons allen het

186 1836 1811 171 beroep van studenten gevende, by het oplezen zeide hij also

184 1919 1830 145 ziven Herren Swinderen Hterr Professoor und Hterr la Faille alle

185 1992 1816 150 studente aus Groninge? wy lieten den goeden man in zyne

189 2066 1810 149 waar en Eeden verder. De wagen geheel digt hebbende zagen

196 2140 1800 167 wyweinig van der weg dien men ons tot Berlyn als zeer ver=

193 2215 1816 177 velend af had afgeschilderd, wy vorderden ook niet sterk dan
