2083 2540
1920 58 74 62 140

187 63 1793 129 sonneel bezette provintien uitgtrekte met voltaire niet onaardig

192 142 1730 127 een Kouseband vergeleek, gaf toen de reden op waarom de koning van

183 201 1767 136 missen zyne belofte, in tyd van nood, in de cricis der jongstvoorledene

183 268 1802 139 „log gedaan, om namelyk zyne onderdanen eene constitutie tegeven,

183 326 1777 143 iet gestand deed, wederlegde de kwade gezegdens die de Engelsche

184 382 1849 143 apieren en het Oppositie blad voornamentlyk daaromtrend geberigd had„

196 463 1728 138 en sprak met zeer veel vryheid over het gedrag der verbondene

179 515 1840 149 nogendheden ten opzigte van alle die kleine vorsten en Prinsen van Duits

1750 588 202 57 hy zeide dat

185 608 1826 137 d: herig voor hy ook door op de stolz der Hanoveranen waarvan een

180 672 1821 134 woon schryver zich altyd Koningliche Gross Briktannischer und Koning

178 731 1805 139 he Htanoversch zoude retuleren: in't kort dit collegie dat hij met

172 799 1822 142 iergegaonde aanmerkingen en redenen staafde beviel ons uitnemend

184 871 1818 141 deed ons in den persoon van Prof=r Luden een door en door kundig

165 949 1769 134 van bespeuren. Behalven den Hofraad Oken ende reeds genoemde

165 1022 1817 154 Professoren spraken wy hier nog den Hoogleezaar Kieser die als vry=

165 1093 1794 135 volliger de Campagnes tegen de Franschen heeft Gemaakt en gedu„

164 1159 1780 142 ende zyn verblyf te Haarlen uit de mond van van Marum, die

172 1221 1794 154 in hem slechts een militair, doch geen professor waarde te zien,

166 1298 1742 161 de bekrooning van zyne by Teylers Genootschap ingezondene

165 1372 1817 148 wysvraag over de anatomie en Physiologie der planten, op zulk

164 1437 1842 155 een onverwagte wijze vernam: hoe van Marum zal opgekeken hebben

165 1525 1789 130 toen de vrywillige Iager zich als Profr Kieser en schriver van de

164 1595 1687 154 shandeling bekend maakte laat zich gemaklyk begrypen.

163 1667 1789 140 dan daar wij zoo straks naar Weymar zullen vertrekken laat de tyd

166 1758 1792 125 my niet toe om hier iets nopens Iena of deszelfs Academe meer

168 1820 1839 143 bytevoegen; wat het getal bladzyden aangaat kan deze waarlyk

171 1886 1724 147 ook wel voor eene brief doorgaan: ik teken my dan met achting

1516 1957 330 143 J. T. laz

178 2041 1783 180 P. I. Roest, die gisteren een vreeslyke vaard had, had lict heden morgen

171 2179 1803 104 geschoren en zeer nettjes aangekleedt men zon hem byna niet herkennen

166 2239 1858 105 dit is gewisent respect voor Prof:r van Swinderen: want in de medilynen Anderen

164 2289 1850 118 te moet hy schoon en Iena gepromoveerd, ten einde in Holland te prachireren, een Exa„

165 2368 1841 119 nen ondergaan, zoo dat hij plan heeft een volgend. jaar in Groningen te promoveren.
