2083 2540
372 0 331 37 Personen

152 26 1822 141 men over al hetwelk gy de reis door Duitschland van Proc=s van Swinderen

145 98 1833 134 enc=te op bladz. 14 en 15 van het eerste deel kunt nazien. Na te Gieten in den

132 153 1803 147 herberg by den Scholtus Braams eenige ververschingen genomen te

130 211 1871 139 hebben, reden wy om 2 uur van daar en kwamen, na Gasselte & Drone¬

128 270 1862 143 gepasseerd te zyn, te Borger aan, alwaar wij een boterham met slegte

129 327 1860 146 Koffy gebruikten: van hier is de weg zeer vervelend daar men tot Odoorn

137 380 1812 144 eene uitgestrekte heide heeft uitmakende een gedeelte van het bekende

141 425 1857 158 Ellersveld alle echter in eene vrolyke luim zynde hadden wy de heide

139 499 1870 152 achter de rug eerwy aan verveling hadden gedagt: wy hielden ons

139 554 1822 139 niet op leddoorn, maar dronken te Emmen een kopje thee bij den stu„

132 621 1781 146 dent Amstoff zoon van den Predicant laastgenoemde vonden wy

134 674 1860 140 echter niet te huis. Even achter het gehucht Erme hadden wy het onge

131 746 1852 131 luk dat ons de knuppel van de wagen brak hetgeen ons een gerii¬

129 798 1868 151 me tyd ophield, daar wij geen stok op de heide konden vinden: eindelyk

130 870 1826 155 gelukte het ons met de touwen van ons koffer, dat achter opgebonden

133 929 1851 153 was, de ramp te herstellen doch dit had ons zoo lang opgehouden dat

138 994 1855 156 wy na het aanzienlyke Dorp Dalen, dat geheel verbrand is voorleden

141 1069 1869 143 jaar, gepasseerd te zyn laat, en wel in donkeren, en Coevonden aankwa„

139 1125 1876 142 men alwaar wij bij den Hr: Pothoff op een delicieus sonper gemagt

140 1200 1647 142 wierden en ons nachtverblijf in de koppelpaarden namen

144 1275 1789 159 's Anderendaags waren wij, om ons in alles maar aan onze

142 1328 1889 148 volgende levenswyze te gewinnen, reeds vroeg opgestaan en na ontbeter

143 1410 1853 131 Coevorden in alle regtingen door kruist en de walle rondgewan¬

149 1468 1833 128 delt te hebben, vertrokken wij van daar voort na vijf uren: wij

147 1524 1883 143 hadde, eenen zeer goeden voerman voor 9 guldens tot Noordho

144 1593 1878 142 aangenomen deeze reed uitmuntend zoodat wy al zas aan de

141 1652 1866 139 greuzen van ons Vaderland waren gekomen hetwelk ons door

151 1712 1781 150 twee groote steenen, waarvan de een echter omverlag, wierd

147 1767 1886 157 aangetoond: wy passeerden de Scheidslinie onder het uiten van

144 1839 1873 146 de hartelyke wensch dat wij na eenige weken even fris en gezond

141 1909 1886 167 als wy het vaderland verlieten in hetzelve mogten terugkenen

138 1991 1871 143 Al aanstonds bespeurden wij groote veranderingen voornaam

138 2054 1798 157 lijk in de hoeveelheid Benthemer steen waarvan reeds de

132 2117 1915 161 bruggetjes over de tamelyk slegte weg geheel waren opgezet

134 2190 1857 166 Tot Emmelenkamp ook Emmelicheim genoemd af ontmoette

0 1303 103 136 76.
