2089 2492
592 129 300 174 Brief IV

319 234 913 146 Uit Göttingen van den 9 July 1816.

134 320 1850 205 Iets in ’t algemeen over Wilhelmshöhe – De Zondag het geschikst

133 456 1900 129 om dit lustslot te bezoeken – Paleis van Wilhelmshöhe – Voorval

135 523 1886 124 op de bibliotheek – Schilderyen van Tischbein in de eene vleugel van

131 578 1835 145 het gebouw – beschryving van den Leeuwenburg – Burggraaf –

130 648 1876 134 wapenkamer. -- Kapel. -- Eetzaal. -- Ridderzaal. Aneedote van

125 715 1886 136 Jerome Napoleon – Wandeling naar de Winterkasten – Octogoon

178 781 1819 136 – beschryving van dezelve en van de metalen Hercules – Begin

116 842 1911 137 der waterwerken aan de voet van den Octogoon – Kop van Euceladus –

159 913 1836 137 Waterorgel en de grot van Polypheem – Zoogenaamde bedriegertjes –

131 979 1868 134 Cascade van de Winterkasten – Tweede val van het water

142 1052 1862 137 Duwelsbrug. -- Groote waterval van den Aiqueduch. -- Het sprin

131 1119 1788 147 gen der groote fonteyn – Verdere wandeling op Wilhelmshöhe –

126 1190 1890 136 Terugwandeling naar Cassel – Vertrek van een gedeelte van ons reisge

125 1256 1882 133 zelschap – Waarom een gedeelte gebleven – Slegt weder – Voortreflyk

121 1318 1879 153 uitzigt van de Kamers van het logement – Afscheid van den Heer van

119 1388 1878 128 Assen – Vertrek van Cassel – Dikke nevel – Heerlyk gezigt op Mun

123 1457 1892 126 den – Deeze stad is weder op Hannoversch grondgebied – Knalhütte –

1675 1522 321 87 Sterke daling van eene berg – Bedrieglyke afstand – Aankomst

195 1527 1483 140 te Göttingen – Bladz 26.

656 1681 267 179 Brief V

287 1750 955 191 Uit Göttingen van den 12 July 1816.

125 1859 1878 168 Uitmuntende bibliotheek te Göttingen – Moeylyke post van bibliotheca

118 1965 1889 129 ris – De boeken worden ook mede naar huis gegeven – Bustes & beelden

121 2037 1856 131 op de bibliotheek – Getal der gewone en buitengewone Hoogleeraren –

112 2106 1846 133 Collegie van Profr Hugo – Gedistingueerde plaats op de colleges voor

106 2170 1862 149 Graven – Voorlezingen van Professor Heeren en van Professor Bauer –
