2083 2540
213 84 1726 118 raard geschikt er kunnen twee personen onder eene halve kap en dus

214 145 1796 117 voor tegen beveiligd in zitten en van zich van het eene aind van Berlyn

211 208 1812 109 ot het andere voor 6 stuiver brengen laten. voor eenige jaren bestond hier

212 263 1778 111 nits van en men moest zich met groote lompe huurkoetzen behelpen: re„

213 319 1800 117 rand, die niets ter waereld had, wist crediet te vinden en van de Stadsrege=

213 380 1803 122 ing voor zes jaren het octrooy van deze fiacres te krygen: hy liet

215 431 1804 143 daarop dadelik 5o maken en heeft er nu nog 250 in de maak: drie

206 499 1815 144 aren zyn reeds verlopen en toch zyn hem voor de drie overige jaren

201 572 1807 135 alleen voor het regt 100,000 Thales geboden het geen hy glad heeft afge=

203 641 1758 135 lagen. Deeze fiacres, waarvoor op eene dag verscheiden verseke

209 711 1786 129 meestal uitmuntende paarden komen, slappen van 's morgens vroeg

228 788 1808 113 's avonds laat Berlik in alle mogelyke rigtingen door zonder een ooge

210 851 1824 130 lik te rusten doch hebben naauwlyks een of twee (meer mogen zy iegelyk

224 924 1780 129 opnemen) binnen of zy zyden in een stevige draf naar de begeerde

220 986 1802 107 plaats: de voorleeden hebben alle een nommer op de piet waaraan men

217 1047 1742 133 en in geval van klagten terstond kan onderkennen. Eene avond

202 1104 1819 150 bragt ik ook met genoegen in het ruiie nette gebouw van de Comedie

240 1177 1779 152 de Gens d' arme markt tusschen de nieuwe Fransche en Hoogdui

221 1257 1756 150 he kerken gelegen: wij zagen er eene repraesentatie van Emilia

203 1357 768 108 Galotti die my wel voldeet.

209 1373 1762 161 Tot zoo verre 't geen wy in Berlyn zagen nu moetgn my nog op

203 1478 1803 115 een paar uitstapjes, in de nabyheid van Berlin gedaan, vergezellen

201 1541 1802 113 en daarmede willen wy dan de stad zoo wel van binnen als van

198 1615 656 109 buiten voor gezien houden.

193 1617 1838 166 Schoon van rondsomme door eene ware Zandzee onvringd kan men

188 1734 1843 115 van uit Berlyk toch eenige aardige tourtjes doen; hiertoe behoort

185 1798 1836 126 eene wandeling naar Charlottenburg een plaatsje een uur van Ber=

176 1866 1781 130 lyn gelegen waar de koning een slot met eene schoone tuin heeft.

200 1940 1805 122 Een ieder, die na ons dizwaarts gaat, raad ik om zoch vooral, even

191 2007 1818 127 als wy, een zondag nademiddag daartoe te nemen; by goed weder

193 2071 1835 124 stroomt dan alles naar Charlottenburg waar men ter naauwernood

194 2139 1799 141 een stoel kan bekomen: buiten de Brandenburger poort staan dan

180 2214 1825 148 gewis meer dan 200 wagens (N=o 195 heb ik gezien) die voor 2 stuivers

188 2291 1848 148 de persoon henen brengen: de meeste zyn voor 12 veele voor 16 persone

0 2415 161 63 N: 1817.

0 1547 168 120 Willem

0 1651 165 89 ant ge¬

0 1712 170 63 binnen

0 1764 169 85 de Kl

0 1836 181 59 n er nog

0 1878 198 77 pzach

0 1935 183 86 tweede

0 1991 165 81 Ackige

0 2045 183 71 den in de

0 2095 184 85 ^scheide

0 2148 174 74 Februari

0 2209 159 78 sonen

0 2273 166 64 ve van

0 2315 154 75 be nodig

0 770 173 94 danks

0 854 194 62 80, 000

0 900 215 75 ½ millioe

0 956 210 82 kamer

0 1015 194 76 deszelfs

0 1066 194 66 niet ze

0 1122 176 82 rtzaal

0 1178 193 79 on der vle

0 1231 188 78 baarde

0 1289 183 86 Acteurs,

0 1355 169 74 zy nog

0 1402 188 78 de voel

0 1455 174 109 haeden
