2083 2540
191 74 1747 155 naansche en andere paarde rassen, het stelet en het opgerette paard

210 156 1739 138 an Frederik de Groote zynde over de 40 jaren oud geworden en dat

201 220 1803 139 koning dikwyls tot in zyn binnen vertrek volgde, alsmede het siclet

193 279 1820 153 in het zelfde dier, ook hier was een opgezet paard geheel kaal en dat nooit

190 349 1723 157 enig haar gehad had: in een ander vertrek ziet men, behalve veele

190 409 1807 180 nonstra, als kalver met twee koppen, lammer met zes en 8 poten 2oo

192 475 1809 162 vel opgezet als gesceletteerd, eene menigte van paardehoeven voor al

187 540 1791 169 erly kwalen en ongemakken aan den hoef geschikt. De stallen der

186 615 1804 186 aarden zin alle afzonderlik er kunnen bo iegelijk verzorgd worden

187 676 1822 177 usschen het vosch zyn overal afgebakende werden waar het half

188 753 1803 180 genezene vee Graast: tegenswoordig zyn er 40 beesten in 't geheel

183 837 1771 174 meestpaarden en houden. Een jongeling, die een zeer gunstig voor=

180 911 1840 166 komen had, geleedde ons by alles rond hy scheen zeer veel liefhebbe„

185 984 1807 170 li voor dat vak te hebben en er ook zeer in gevorderd te zyn:

184 1064 1842 165 de eigenlyke Director zagen wy niet. Een heer zeer fatzoenlyk gekleed

184 1138 1801 174 had zich by het uitwandelen der poort aangebode, om ons den weg te

180 1212 1833 169 wyzen, wy helden hem alle voor een halve Excellentie en maakten

177 1294 1785 161 ren duizend excuses toen hy in het zweet zyns aanschyns van

177 1362 1814 173 den Director naar den Castellan en van daar weder elders draafte

179 1438 1841 163 ten einde men ons het begeerde zoulaten zien dan hoe verwonderd

177 1535 1830 156 waren wy toen hy by het scheiden om eene kleinigheid, oan een paar

181 1597 1848 178 grossen, vroeg en hoe verheugd was hy doen wy hem zyne dubbelde

175 1711 965 133 eisch een ze grossche stuk gaven.

177 1725 1774 173 Van hiermede Punctius: ware deeze brief niet zoo schriklyk

173 1840 1853 155 uitgedeit dan zoude ik in onze reis van Berlin herwaarts nog

173 1915 1789 152 mededeelen doch zal hiermede tot stalle wagten alwaar wij

179 2003 1491 156 morgen tegen den den hopen te arriveren. Vale

180 2118 1848 170 P. S. By den restauraten mandeele spraken wy toevallig een ^ landsman

1089 2226 160 51 dMaulyna

174 2237 1790 119 Dr: Charente het vorige jaar te Leiden gepromoveerd: hi kwam nu van

173 2299 1782 122 weenen alwaar hy eenige tyd geweest was en dagt te Berlyn ook

172 2370 1550 130 nog wat te blyven om Stafeland en andere te kunnen horen.
