2083 2540
120 21 1774 183 velk de Franschen in 1513 geheel verbrand en vernield hebben doch

121 132 1774 150 nazaan men thans weder bezig was te bouwen. By de schipbrug, die

121 193 1722 145 over de rivier ligt, bleven wy met onze boot doch hadden veel

118 253 1827 161 ocite om met onze bagagie in de stad te komen als hebbende verzuimd

122 313 1804 170 Rhoeroort een viljet te nemen, met een 5 francs stuk in de hand te

118 376 1817 188 uwen hadden wy toch van de Prinsische militairen niets te vre„

122 447 1795 180 en bragten zonder gehuiderd te worden alles in het heerlyke

124 509 1818 188 gement de Koning van Prunssen waar wy zeer goed geweest zyn.

120 596 1791 169 hoon men een groot deel der vedting werken heeft laten springen

127 667 1801 172 er door de Franschen ook veel aangedaan in onze wandeling

117 734 1793 159 oor en om de stad deed ons eene gedagte vesting opmerken, en

118 802 1813 173 olkomen staat van defensie, zijnde de wallen en alle buitenwer=

131 864 1779 187 en met canon beplant; het guarnizoen kwam mi ook vry tal=

122 945 1820 180 ^ voor althans na het corps officieren te oordelen dat by ouze

119 1007 1821 177 ankomst voor ons logement vergaderd was: inwendig ziet de

119 1083 1820 177 tad even als de meeste vertingen ellendig uit, naauwe kromme

118 1147 1834 183 raken, weinig goede, veele slegte en vouwvallige huizen: wy had

120 1222 1839 199 ten gehoopt hier zoo digt op de grenzen en een logement of koffy

120 1307 1824 189 nis Hollandsche Couranten te zullen vinden doch dit mislukte

121 1383 1818 180 ns, daar zy er zeer vreemd van ophoorden. Een goed souper kwam

124 1459 1838 170 ns, daar wy die middag niets genoten hadden, regt te van pas

124 1532 1846 169 in nog lang na den den bleven la Faille, Hogendorp en ik op ons

123 1598 1869 183 kamer opzetten onder faveur van een lekker glaasje Johannisberge

124 1676 1853 188 die Hogendorp reeds van Rudesheim met veel moeite en zorg had

129 1812 397 114 medegenomen.

129 1773 1821 209 van zes uren opstaande begaven wij ons om zeven uur gezamentlyk

130 1912 1840 142 naar onze boot om verder naar Emmerik te varen: het weder was

127 1981 1830 136 uitmuentend en met genoegen rerden wy langsaam voort langs de

131 2041 1831 153 tantische bergen en de stad Kanten die wij linkslieten liggen:

131 2110 1745 159 wen als het dorp vinnen: in het niet onaardige stadje Rees

127 2159 1882 172 hielden wij ons een oogenblik op en bezagen de Roomsche kerk

127 2254 1834 173 die zoo stoppend vol was dat er geen muis meer in in kon; veide

0 1862 138 138 1:18:6
