2083 2540
1916 69 68 53 89

186 76 1767 131 derde gaf hy eene nadere explicatie van het geen hy door lente van

174 155 1868 136 distinction bedoelde seggende ick meiuw Kaufleute oder Professore

173 240 1806 119 de goede man zag gewis op het eerste abord dat er Professoren in

173 293 1823 120 de wagen waren want hy noemde geene andere klasse van menschen

171 357 1848 138 op die dan juist Kooplieden en Professoren: zyne vraag met ja beant¬

186 433 1765 115 woord en hem de namen der 2 Professoren genoemd hebbende ont„

180 500 1823 141 sloeg hy ons dadelyk en dat wel zonder drunkgeld van de visita=

180 571 1849 141 tie der Koffers. Terstond by het inzyden van stalle heb ik het gezeg=

171 650 1843 152 de van Bougard bewaarheid gevonden dat het eene oude belyke morsi„

166 722 1835 149 geen slegt geplaverdde stad is; dit laatste ondervonden wij ter de„

162 802 1844 146 gen daar wy op de infame straaten gansch stalle moesten rondry„

161 878 1780 145 den om onder dak te komen; want daar de koning van Panissen

161 958 1870 138 van Pdie heden of morgen verwagt wordt was er nergens plaats

172 1037 1758 139 het schoone logement de Kroonprins zynde 21 Ramen breed,

172 1109 1855 139 de gouden ring, de Gouden leeuw alles is even vol: wy zyn linden

175 1185 1845 138 lyk buiten de Zeipsicher poort in een allemorsigst boeltje gear¬

164 1266 1833 151 riveerd dan men moet zich op reis altyd weten te behelpen

167 1337 1739 158 en wy zullen het die dag twee drie ook wel uithouden.

177 1442 1811 157 Hiermede zoude ik deeze nu kunnen sluiten en in eene volgen„

176 1548 1830 142 de is al het merkwaardige van stalle mededeelen dan daar my

178 1614 1797 138 voor het tegenswoordige nog eenige oogenblikken overschieten

184 1693 1773 126 wil ik dezelve gebruiken om in de zoutfabriek, welke wy deeze

179 1773 1076 135 middag gezien hebben, te beschryven.

188 1778 1806 215 Deeze zoutmakery even buiten stalle gelegen is ten uitersten be„

175 1934 1826 128 zienswaardig vooral om de zoute brouwen en de machinerie

172 2005 1833 145 om uit dezelve het water te pompen: schoon het eene ontzektende

169 2084 1849 144 diepte is en de beweging op het uiterlyke te oordelen zeer lang=

173 2169 1795 139 zaan gaat kunnen toch twee paarden in één uur 6000 kan¬

175 2242 1860 155 nen water oppompen het is dan reeds vervazend zout bevatten
