2083 2540
405 1 331 90 personer

1886 27 68 56 21

165 45 1796 148 was met oude wapentuigen gevuld een vyftig tal oogen trok hier onze

148 134 1839 136 aandagt meest alle wierden op verschillende wyze afgeschoten; onder

152 207 1778 147 de menigte van zwaarden was er een door Paus Innocentius de voor

158 267 1832 144 by zyne terugkomst uit het Heilige Land aan den toen regeerende Land=

157 345 1786 139 graaf gegeven het is ontzettend groot en zeer ryk. Eindelyk aan de

170 412 1778 144 laatste zaal gekomen zagen wy in een half rond 19 landgraven &

166 482 1805 147 Landgravinnen, zoo men zegt zeer gelykend en was geboetseerd &

166 564 1824 129 naar de costumes van die tyd gekleed, op stoelen zitten dit was een

167 639 1781 139 vreemd gezigt en daar de zij door Landgraaf morits geopend en

171 711 1780 155 tot de jongst overledene Keurvorst ging kan men wel begrypen

176 779 1757 154 dat het verschilen kleding aan merklik is. — Zie daar dan

173 851 1784 148 en kort verslag van eenige dingen welke wy in het museum zagen,

167 914 1786 168 heeft het u voldaan dan zal ik in het vervolge steeds op deeze

169 976 1810 164 manier iets omtrend cabructten, verzamelingen enz mede deelen, zoo

171 1050 1736 157 niet, meld het my dan in eene volgende brief en gy zult my vry

170 1108 1846 156 wat moeite besparen terwyl ik en er niet meer meede lastig zal

170 1165 1835 161 vallen, thans echter moetge my naar de boekeryvergezellen in het

169 1248 1843 156 zelve gebouw voorhanden. Deeze is voortreflyk, zy bestaat uit ongeveer

161 1308 1828 155 50000 banden, het locaal is ook zeer geschikt zynde 113 schreden lang en

141 1375 1869 158 217 breed: het is een groot agrement voor Cassels ingezeetenen die er het volle

157 1449 1826 141 gebruik van hebben, te meer daar men er zich op schynt toe te leggen

160 1518 1824 140 om alle nieuw uitkomende werken dadelyk te krygen zoo vonden wy

168 1575 1836 160 toch reeds hier het 2=de deel van de door de Heeren Tydeman & van Cam=

160 1650 1844 150 pen uitgegevene Mnemosyne 't welk niet lang voor onze afren eerst

171 1712 1778 148 van de pers was gekomen. zeer doelmatig schynt mij de inrigting

177 1793 1800 142 der latalogus te zyn: deeze bestaat uit eene kleine of alphabdische

178 1861 1803 137 uit meer dan 100 banden en eene grootere of reaal catalogue uit 54

171 1920 1854 156 vanden infolio bestaande: in de alphabelische heeft ieder boek of schry

178 1999 1778 145 ver een los blad, zoo dat telkens als er een nieuw komt men er een

186 2074 1829 143 blad kan tusschen leggen, dit blad bevat de tatel van het boek en wijst

191 2145 1770 134 verder naar den reaal catalogus met vermelding van het vak

192 2223 1819 160 formaal & Numero. Deeze reaaltatalogus is overigens zeer onder=
