<?xml version='1.0' encoding='UTF-8' standalone='yes'?>
<alto xmlns:xsi="http://www.w3.org/2001/XMLSchema-instance" xmlns="http://www.loc.gov/standards/alto/ns-v4#" xsi:schemaLocation="http://www.loc.gov/standards/alto/ns-v4# http://www.loc.gov/standards/alto/v4/alto-4-2.xsd" SCHEMAVERSION="4.2">
  <Description>
    <MeasurementUnit>pixel</MeasurementUnit>
    <sourceImageInformation>
      <fileName>0307_0552_0179_0307.jpg</fileName>
    </sourceImageInformation>
  </Description>
  <Styles>
    <TextStyle ID="textstyle-None---sans-serif---proportional---None---None---None" FONTTYPE="sans-serif" FONTWIDTH="proportional"/>
  </Styles>
  <Tags/>
  <Layout>
    <Page ID="None" PHYSICAL_IMG_NR="0" WIDTH="2083" HEIGHT="2540">
      <PrintSpace VPOS="0" HPOS="0" HEIGHT="2540" WIDTH="2083">
        <TextBlock ID="region_98bd0d8b-4cab-41e2-a163-4ef1640eb776" HEIGHT="2416" WIDTH="1911" HPOS="139" VPOS="69" IDNEXT="region_04bb2b4b-3a57-4ef5-b03b-8164e53094ec">
          <Shape>
            <Polygon POINTS="139,69 2050,69 2050,2485 139,2485"/>
          </Shape>
          <TextLine ID="line_40f79afa-e749-402b-9bc1-5d2aeae2fcb0" HEIGHT="161" WIDTH="1835" HPOS="164" VPOS="69" STYLEREFS="textstyle-None---sans-serif---proportional---None---None---None">
            <Shape>
              <Polygon POINTS="164,95 197,120 222,111 237,116 255,104 294,116 325,111 345,120 382,116 389,109 397,115 410,108 437,111 450,101 482,116 494,104 517,100 536,112 553,104 562,111 585,108 594,117 603,108 639,111 646,104 666,112 717,104 779,112 808,96 820,107 830,100 867,100 885,111 905,104 913,112 939,108 956,120 1002,124 1013,113 1039,120 1061,100 1071,108 1101,100 1114,109 1130,98 1145,104 1157,93 1217,93 1234,100 1263,89 1287,103 1337,92 1361,104 1370,97 1378,103 1402,84 1428,84 1463,96 1484,84 1505,96 1530,81 1540,88 1578,88 1594,80 1604,88 1616,77 1634,87 1661,78 1673,88 1710,80 1734,101 1765,84 1786,85 1814,72 1825,80 1854,81 1873,100 1882,94 1907,111 1939,104 1977,69 1990,80 1999,75 1999,116 1975,116 1943,139 1918,143 1878,167 1846,151 1823,158 1797,139 1766,148 1749,140 1737,151 1698,143 1679,159 1659,143 1638,143 1630,151 1607,143 1552,167 1526,157 1496,174 1446,166 1429,155 1410,172 1394,170 1379,155 1349,167 1331,158 1301,166 1274,159 1182,191 1146,169 1132,175 1114,166 1074,167 1018,198 986,191 970,176 958,182 942,171 918,183 912,179 901,190 861,171 816,201 783,198 770,206 744,206 725,190 717,194 697,182 670,194 650,187 632,198 602,183 590,190 550,183 523,206 467,226 418,199 370,218 327,206 296,230 285,230 257,202 238,214 218,206 193,214 164,196"/>
            </Shape>
            <String ID="line_40f79afa-e749-402b-9bc1-5d2aeae2fcb0-dummy-Word" HEIGHT="161" WIDTH="1835" HPOS="164" VPOS="69" CONTENT="ontvangen heeft. Kort voor Gelnhauzen loopt de chansse overeenen wyn">
              <Shape>
                <Polygon POINTS="164,95 197,120 222,111 237,116 255,104 294,116 325,111 345,120 382,116 389,109 397,115 410,108 437,111 450,101 482,116 494,104 517,100 536,112 553,104 562,111 585,108 594,117 603,108 639,111 646,104 666,112 717,104 779,112 808,96 820,107 830,100 867,100 885,111 905,104 913,112 939,108 956,120 1002,124 1013,113 1039,120 1061,100 1071,108 1101,100 1114,109 1130,98 1145,104 1157,93 1217,93 1234,100 1263,89 1287,103 1337,92 1361,104 1370,97 1378,103 1402,84 1428,84 1463,96 1484,84 1505,96 1530,81 1540,88 1578,88 1594,80 1604,88 1616,77 1634,87 1661,78 1673,88 1710,80 1734,101 1765,84 1786,85 1814,72 1825,80 1854,81 1873,100 1882,94 1907,111 1939,104 1977,69 1990,80 1999,75 1999,116 1975,116 1943,139 1918,143 1878,167 1846,151 1823,158 1797,139 1766,148 1749,140 1737,151 1698,143 1679,159 1659,143 1638,143 1630,151 1607,143 1552,167 1526,157 1496,174 1446,166 1429,155 1410,172 1394,170 1379,155 1349,167 1331,158 1301,166 1274,159 1182,191 1146,169 1132,175 1114,166 1074,167 1018,198 986,191 970,176 958,182 942,171 918,183 912,179 901,190 861,171 816,201 783,198 770,206 744,206 725,190 717,194 697,182 670,194 650,187 632,198 602,183 590,190 550,183 523,206 467,226 418,199 370,218 327,206 296,230 285,230 257,202 238,214 218,206 193,214 164,196"/>
              </Shape>
            </String>
          </TextLine>
          <TextLine ID="ac63f8d1-f85a-4865-b61e-b3780f31de69" HEIGHT="155" WIDTH="1849" HPOS="159" VPOS="133" STYLEREFS="textstyle-None---sans-serif---proportional---None---None---None">
            <Shape>
              <Polygon POINTS="159,213 167,219 184,206 205,213 213,205 242,213 256,204 291,232 309,221 320,229 339,221 363,229 411,202 470,217 530,186 641,194 714,181 745,205 777,205 799,189 819,201 859,174 886,174 903,188 916,181 935,189 951,179 996,181 1019,197 1076,166 1152,173 1183,193 1240,174 1254,162 1264,168 1301,166 1323,158 1339,173 1377,154 1428,154 1447,165 1465,162 1485,173 1531,177 1571,154 1597,146 1623,150 1631,142 1712,142 1738,150 1751,138 1766,147 1803,141 1822,157 1848,150 1871,166 1891,162 1927,138 1948,138 1959,146 1990,133 2008,146 2008,189 1985,203 1970,190 1926,207 1850,206 1830,214 1819,207 1804,222 1774,204 1723,226 1697,202 1658,234 1638,231 1624,238 1598,230 1585,217 1576,222 1562,211 1531,207 1512,219 1504,211 1454,211 1414,232 1385,226 1373,238 1361,234 1337,246 1324,238 1306,246 1285,227 1245,251 1230,250 1214,234 1190,238 1183,231 1145,258 1133,254 1125,261 1102,246 1088,253 1075,246 1048,270 1008,254 968,272 948,262 916,261 901,250 880,261 844,253 830,262 810,262 784,241 722,239 699,254 648,250 626,257 604,250 571,270 540,249 511,246 487,254 440,250 410,261 398,255 369,274 351,269 333,278 300,260 247,269 214,285 181,270 159,288"/>
            </Shape>
            <String ID="ac63f8d1-f85a-4865-b61e-b3780f31de69-dummy-Word" HEIGHT="155" WIDTH="1849" HPOS="159" VPOS="133" CONTENT="berg waar men het schoonste gezicht geniet dat men zieh kan voorstell">
              <Shape>
                <Polygon POINTS="159,213 167,219 184,206 205,213 213,205 242,213 256,204 291,232 309,221 320,229 339,221 363,229 411,202 470,217 530,186 641,194 714,181 745,205 777,205 799,189 819,201 859,174 886,174 903,188 916,181 935,189 951,179 996,181 1019,197 1076,166 1152,173 1183,193 1240,174 1254,162 1264,168 1301,166 1323,158 1339,173 1377,154 1428,154 1447,165 1465,162 1485,173 1531,177 1571,154 1597,146 1623,150 1631,142 1712,142 1738,150 1751,138 1766,147 1803,141 1822,157 1848,150 1871,166 1891,162 1927,138 1948,138 1959,146 1990,133 2008,146 2008,189 1985,203 1970,190 1926,207 1850,206 1830,214 1819,207 1804,222 1774,204 1723,226 1697,202 1658,234 1638,231 1624,238 1598,230 1585,217 1576,222 1562,211 1531,207 1512,219 1504,211 1454,211 1414,232 1385,226 1373,238 1361,234 1337,246 1324,238 1306,246 1285,227 1245,251 1230,250 1214,234 1190,238 1183,231 1145,258 1133,254 1125,261 1102,246 1088,253 1075,246 1048,270 1008,254 968,272 948,262 916,261 901,250 880,261 844,253 830,262 810,262 784,241 722,239 699,254 648,250 626,257 604,250 571,270 540,249 511,246 487,254 440,250 410,261 398,255 369,274 351,269 333,278 300,260 247,269 214,285 181,270 159,288"/>
              </Shape>
            </String>
          </TextLine>
          <TextLine ID="line_2ae047f1-4647-4f7f-bd3e-bee773f7ab30" HEIGHT="162" WIDTH="1828" HPOS="162" VPOS="192" STYLEREFS="textstyle-None---sans-serif---proportional---None---None---None">
            <Shape>
              <Polygon POINTS="162,278 184,268 216,292 245,268 287,268 295,260 319,275 347,279 379,252 401,260 467,252 475,259 486,248 526,248 550,256 564,252 586,264 606,248 644,248 659,260 667,252 706,245 720,256 741,240 763,259 806,269 842,252 862,251 878,261 900,252 928,263 950,260 969,271 994,267 1011,252 1042,271 1077,245 1107,236 1129,256 1145,259 1174,232 1198,224 1228,244 1252,228 1286,228 1307,247 1318,236 1340,244 1376,217 1397,220 1415,213 1491,212 1513,220 1560,212 1568,220 1591,220 1608,236 1624,236 1672,225 1698,201 1721,201 1737,216 1758,216 1776,204 1803,222 1819,208 1828,216 1838,208 1880,205 1896,193 1924,208 1957,192 1979,212 1990,205 1990,247 1947,269 1917,249 1898,250 1883,261 1868,254 1841,277 1741,257 1727,269 1695,269 1684,262 1660,273 1651,266 1622,266 1607,277 1597,269 1565,277 1539,270 1510,281 1496,273 1482,280 1449,273 1437,285 1415,280 1402,289 1366,277 1302,281 1294,289 1281,283 1233,285 1197,300 1169,327 1129,290 1102,312 1078,296 1050,310 1031,296 1005,305 987,293 954,297 917,313 894,302 855,317 839,333 811,329 798,340 765,316 746,320 736,312 709,320 654,316 622,344 582,316 543,316 533,324 504,313 490,313 475,325 427,320 404,336 374,321 352,333 228,324 180,336 162,354"/>
            </Shape>
            <String ID="line_2ae047f1-4647-4f7f-bd3e-bee773f7ab30-dummy-Word" HEIGHT="162" WIDTH="1828" HPOS="162" VPOS="192" CONTENT="der ontmoetten eenige huisgezinnen met pak en zak verscheidene ver„">
              <Shape>
                <Polygon POINTS="162,278 184,268 216,292 245,268 287,268 295,260 319,275 347,279 379,252 401,260 467,252 475,259 486,248 526,248 550,256 564,252 586,264 606,248 644,248 659,260 667,252 706,245 720,256 741,240 763,259 806,269 842,252 862,251 878,261 900,252 928,263 950,260 969,271 994,267 1011,252 1042,271 1077,245 1107,236 1129,256 1145,259 1174,232 1198,224 1228,244 1252,228 1286,228 1307,247 1318,236 1340,244 1376,217 1397,220 1415,213 1491,212 1513,220 1560,212 1568,220 1591,220 1608,236 1624,236 1672,225 1698,201 1721,201 1737,216 1758,216 1776,204 1803,222 1819,208 1828,216 1838,208 1880,205 1896,193 1924,208 1957,192 1979,212 1990,205 1990,247 1947,269 1917,249 1898,250 1883,261 1868,254 1841,277 1741,257 1727,269 1695,269 1684,262 1660,273 1651,266 1622,266 1607,277 1597,269 1565,277 1539,270 1510,281 1496,273 1482,280 1449,273 1437,285 1415,280 1402,289 1366,277 1302,281 1294,289 1281,283 1233,285 1197,300 1169,327 1129,290 1102,312 1078,296 1050,310 1031,296 1005,305 987,293 954,297 917,313 894,302 855,317 839,333 811,329 798,340 765,316 746,320 736,312 709,320 654,316 622,344 582,316 543,316 533,324 504,313 490,313 475,325 427,320 404,336 374,321 352,333 228,324 180,336 162,354"/>
              </Shape>
            </String>
          </TextLine>
          <TextLine ID="line_89c9ad6d-c475-4367-b496-c3fdab2941de" HEIGHT="166" WIDTH="1828" HPOS="152" VPOS="250" STYLEREFS="textstyle-None---sans-serif---proportional---None---None---None">
            <Shape>
              <Polygon POINTS="152,352 164,352 186,333 210,333 222,324 263,325 271,333 284,324 314,333 364,333 377,320 406,333 429,320 449,329 484,317 505,325 517,316 536,321 576,309 621,345 656,316 707,321 732,314 752,321 767,317 777,325 814,317 837,334 873,309 896,305 904,312 935,313 955,297 985,293 1002,305 1031,297 1049,309 1077,293 1106,309 1126,289 1168,327 1214,289 1228,293 1237,286 1282,283 1292,289 1301,282 1334,285 1348,278 1402,289 1443,274 1480,281 1495,274 1508,281 1548,270 1570,281 1589,266 1634,272 1653,266 1663,274 1729,269 1741,257 1764,258 1779,269 1858,269 1896,250 1919,250 1945,269 1959,261 1980,270 1980,311 1898,318 1884,330 1853,330 1842,319 1825,319 1811,333 1755,323 1730,330 1720,323 1694,330 1661,327 1646,337 1635,331 1613,342 1587,331 1574,342 1558,333 1530,345 1520,335 1496,335 1489,342 1454,338 1433,349 1400,342 1377,350 1352,342 1343,350 1319,345 1303,354 1289,342 1276,349 1201,346 1189,357 1178,354 1166,362 1110,354 1074,366 1051,358 1025,377 990,362 947,390 914,398 872,371 780,385 772,393 742,394 735,387 721,394 677,370 632,370 580,397 554,386 544,395 530,386 499,386 462,405 404,382 387,393 358,389 346,397 325,398 308,389 241,416 226,405 213,413 152,406"/>
            </Shape>
            <String ID="line_89c9ad6d-c475-4367-b496-c3fdab2941de-dummy-Word" HEIGHT="166" WIDTH="1828" HPOS="152" VPOS="250" CONTENT="dchte karren vullende, men zeide ons dat het Protestansche Franschen">
              <Shape>
                <Polygon POINTS="152,352 164,352 186,333 210,333 222,324 263,325 271,333 284,324 314,333 364,333 377,320 406,333 429,320 449,329 484,317 505,325 517,316 536,321 576,309 621,345 656,316 707,321 732,314 752,321 767,317 777,325 814,317 837,334 873,309 896,305 904,312 935,313 955,297 985,293 1002,305 1031,297 1049,309 1077,293 1106,309 1126,289 1168,327 1214,289 1228,293 1237,286 1282,283 1292,289 1301,282 1334,285 1348,278 1402,289 1443,274 1480,281 1495,274 1508,281 1548,270 1570,281 1589,266 1634,272 1653,266 1663,274 1729,269 1741,257 1764,258 1779,269 1858,269 1896,250 1919,250 1945,269 1959,261 1980,270 1980,311 1898,318 1884,330 1853,330 1842,319 1825,319 1811,333 1755,323 1730,330 1720,323 1694,330 1661,327 1646,337 1635,331 1613,342 1587,331 1574,342 1558,333 1530,345 1520,335 1496,335 1489,342 1454,338 1433,349 1400,342 1377,350 1352,342 1343,350 1319,345 1303,354 1289,342 1276,349 1201,346 1189,357 1178,354 1166,362 1110,354 1074,366 1051,358 1025,377 990,362 947,390 914,398 872,371 780,385 772,393 742,394 735,387 721,394 677,370 632,370 580,397 554,386 544,395 530,386 499,386 462,405 404,382 387,393 358,389 346,397 325,398 308,389 241,416 226,405 213,413 152,406"/>
              </Shape>
            </String>
          </TextLine>
          <TextLine ID="line_5f9ac518-950c-4525-82e5-cd181d1c4b8a" HEIGHT="161" WIDTH="1826" HPOS="148" VPOS="315" STYLEREFS="textstyle-None---sans-serif---proportional---None---None---None">
            <Shape>
              <Polygon POINTS="148,405 185,405 196,414 227,406 242,417 255,406 279,406 310,392 326,405 349,386 362,393 382,382 432,386 462,404 496,382 520,390 531,382 543,390 566,386 579,397 632,370 674,370 718,393 738,386 770,394 826,374 857,378 894,362 918,374 939,358 985,358 1004,374 1027,374 1063,358 1088,374 1101,374 1129,354 1142,362 1166,362 1202,347 1277,350 1289,344 1305,354 1317,346 1342,350 1352,343 1383,350 1404,342 1432,348 1452,339 1481,342 1488,335 1522,335 1532,344 1557,333 1567,342 1599,334 1609,344 1622,334 1644,338 1661,327 1690,330 1718,323 1729,330 1751,323 1776,326 1792,342 1803,342 1826,319 1857,319 1870,330 1883,330 1903,315 1921,315 1933,326 1974,327 1972,371 1934,372 1911,383 1897,372 1880,387 1867,383 1853,395 1829,387 1810,399 1781,385 1754,399 1730,399 1713,398 1700,386 1685,395 1613,387 1567,392 1560,399 1549,395 1528,410 1510,395 1487,395 1451,413 1429,411 1413,421 1323,438 1275,407 1248,407 1228,418 1215,415 1179,426 1130,419 1098,446 1085,447 1066,435 1058,442 1037,439 1011,419 992,419 979,430 968,423 940,439 926,438 908,423 876,423 825,439 805,455 795,446 755,442 741,456 719,438 698,434 676,435 654,450 618,439 610,447 596,439 563,439 538,462 521,450 500,458 474,447 451,454 434,446 408,462 369,472 336,454 290,463 249,459 235,470 212,455 203,462 186,455 163,476 153,466 148,470"/>
            </Shape>
            <String ID="line_5f9ac518-950c-4525-82e5-cd181d1c4b8a-dummy-Word" HEIGHT="161" WIDTH="1826" HPOS="148" VPOS="315" CONTENT="waren die uit den Elsas die het daar met langer konden uithouden &amp;">
              <Shape>
                <Polygon POINTS="148,405 185,405 196,414 227,406 242,417 255,406 279,406 310,392 326,405 349,386 362,393 382,382 432,386 462,404 496,382 520,390 531,382 543,390 566,386 579,397 632,370 674,370 718,393 738,386 770,394 826,374 857,378 894,362 918,374 939,358 985,358 1004,374 1027,374 1063,358 1088,374 1101,374 1129,354 1142,362 1166,362 1202,347 1277,350 1289,344 1305,354 1317,346 1342,350 1352,343 1383,350 1404,342 1432,348 1452,339 1481,342 1488,335 1522,335 1532,344 1557,333 1567,342 1599,334 1609,344 1622,334 1644,338 1661,327 1690,330 1718,323 1729,330 1751,323 1776,326 1792,342 1803,342 1826,319 1857,319 1870,330 1883,330 1903,315 1921,315 1933,326 1974,327 1972,371 1934,372 1911,383 1897,372 1880,387 1867,383 1853,395 1829,387 1810,399 1781,385 1754,399 1730,399 1713,398 1700,386 1685,395 1613,387 1567,392 1560,399 1549,395 1528,410 1510,395 1487,395 1451,413 1429,411 1413,421 1323,438 1275,407 1248,407 1228,418 1215,415 1179,426 1130,419 1098,446 1085,447 1066,435 1058,442 1037,439 1011,419 992,419 979,430 968,423 940,439 926,438 908,423 876,423 825,439 805,455 795,446 755,442 741,456 719,438 698,434 676,435 654,450 618,439 610,447 596,439 563,439 538,462 521,450 500,458 474,447 451,454 434,446 408,462 369,472 336,454 290,463 249,459 235,470 212,455 203,462 186,455 163,476 153,466 148,470"/>
              </Shape>
            </String>
          </TextLine>
          <TextLine ID="line_3675fce1-0c7e-4433-9b91-c2e79eed50b6" HEIGHT="178" WIDTH="1826" HPOS="152" VPOS="370" STYLEREFS="textstyle-None---sans-serif---proportional---None---None---None">
            <Shape>
              <Polygon POINTS="152,479 190,454 223,481 247,461 310,461 335,453 369,472 390,461 403,465 423,446 456,453 468,445 500,456 526,442 549,450 564,438 595,438 618,453 633,445 649,453 688,434 717,437 734,453 754,441 784,445 800,459 828,438 857,434 865,426 889,434 928,429 943,441 978,421 1002,421 1027,446 1053,434 1098,445 1133,419 1177,426 1219,413 1228,417 1246,406 1275,406 1305,429 1336,437 1351,434 1390,398 1422,414 1444,414 1453,406 1464,417 1484,398 1509,394 1528,410 1549,394 1557,401 1573,390 1621,386 1637,387 1651,398 1685,394 1693,386 1709,397 1757,398 1787,381 1813,397 1833,390 1850,398 1866,382 1880,386 1894,374 1912,382 1936,370 1957,374 1978,394 1978,436 1924,444 1891,440 1876,455 1853,444 1826,444 1800,466 1761,459 1749,448 1697,448 1680,463 1658,451 1629,451 1612,467 1576,455 1525,455 1500,462 1471,459 1392,490 1369,486 1336,467 1303,467 1290,474 1230,471 1216,480 1155,478 1109,502 1081,502 1069,494 1037,498 1018,483 1009,490 993,485 972,496 953,494 928,513 913,505 893,509 870,491 856,502 841,491 822,498 777,495 771,501 760,494 735,502 714,495 682,498 669,510 642,503 617,514 592,502 514,502 505,511 483,506 440,541 427,538 399,510 317,515 302,526 248,514 212,548 198,537 185,548 166,529 152,529"/>
            </Shape>
            <String ID="line_3675fce1-0c7e-4433-9b91-c2e79eed50b6-dummy-Word" HEIGHT="178" WIDTH="1826" HPOS="152" VPOS="370" CONTENT="byna dagelyks hier langs trokken om zich ver van hun land en wel het">
              <Shape>
                <Polygon POINTS="152,479 190,454 223,481 247,461 310,461 335,453 369,472 390,461 403,465 423,446 456,453 468,445 500,456 526,442 549,450 564,438 595,438 618,453 633,445 649,453 688,434 717,437 734,453 754,441 784,445 800,459 828,438 857,434 865,426 889,434 928,429 943,441 978,421 1002,421 1027,446 1053,434 1098,445 1133,419 1177,426 1219,413 1228,417 1246,406 1275,406 1305,429 1336,437 1351,434 1390,398 1422,414 1444,414 1453,406 1464,417 1484,398 1509,394 1528,410 1549,394 1557,401 1573,390 1621,386 1637,387 1651,398 1685,394 1693,386 1709,397 1757,398 1787,381 1813,397 1833,390 1850,398 1866,382 1880,386 1894,374 1912,382 1936,370 1957,374 1978,394 1978,436 1924,444 1891,440 1876,455 1853,444 1826,444 1800,466 1761,459 1749,448 1697,448 1680,463 1658,451 1629,451 1612,467 1576,455 1525,455 1500,462 1471,459 1392,490 1369,486 1336,467 1303,467 1290,474 1230,471 1216,480 1155,478 1109,502 1081,502 1069,494 1037,498 1018,483 1009,490 993,485 972,496 953,494 928,513 913,505 893,509 870,491 856,502 841,491 822,498 777,495 771,501 760,494 735,502 714,495 682,498 669,510 642,503 617,514 592,502 514,502 505,511 483,506 440,541 427,538 399,510 317,515 302,526 248,514 212,548 198,537 185,548 166,529 152,529"/>
              </Shape>
            </String>
          </TextLine>
          <TextLine ID="c9b9ffc2-d1c8-492d-8e26-5b1fc69a1add" HEIGHT="160" WIDTH="1858" HPOS="150" VPOS="437" STYLEREFS="textstyle-None---sans-serif---proportional---None---None---None">
            <Shape>
              <Polygon POINTS="150,541 165,549 177,541 185,548 212,522 216,526 241,513 256,513 271,524 303,525 356,509 397,509 424,536 438,540 484,505 506,505 519,516 545,508 565,516 582,501 612,501 622,509 643,501 671,509 683,497 735,501 743,493 761,493 772,500 781,493 823,497 839,489 870,496 892,516 913,504 929,513 954,489 978,492 987,485 1006,489 1032,481 1079,480 1116,496 1176,473 1215,481 1255,470 1275,474 1326,465 1347,476 1400,467 1411,477 1430,477 1462,461 1524,457 1537,464 1570,453 1582,460 1593,456 1611,468 1626,453 1647,449 1682,461 1695,449 1727,453 1735,445 1818,448 1865,441 1879,451 1893,437 1916,437 1930,449 1955,444 1995,466 2008,456 2008,499 1985,517 1973,509 1951,509 1934,518 1919,509 1898,513 1887,502 1871,502 1839,510 1826,521 1813,521 1799,509 1787,517 1775,514 1755,534 1733,517 1714,515 1680,529 1666,518 1651,526 1637,519 1619,525 1582,517 1560,537 1551,532 1539,542 1508,525 1487,534 1467,525 1459,531 1419,523 1359,559 1320,534 1306,533 1291,545 1281,535 1262,545 1250,534 1179,534 1145,545 1130,538 1101,545 1060,542 1042,557 1011,561 990,553 978,565 956,565 948,573 926,557 890,553 882,561 866,557 845,575 827,570 804,590 794,581 770,581 759,571 732,573 724,565 686,580 618,569 595,581 575,573 553,585 527,565 500,581 472,565 451,573 433,565 408,569 385,589 370,585 352,597 323,570 289,573 279,583 262,577 220,585 209,577 185,577 159,589 150,581"/>
            </Shape>
            <String ID="c9b9ffc2-d1c8-492d-8e26-5b1fc69a1add-dummy-Word" HEIGHT="160" WIDTH="1858" HPOS="150" VPOS="437" CONTENT="meest in Resland te etablisseren: Nu was het vergachtige land geheel ver„">
              <Shape>
                <Polygon POINTS="150,541 165,549 177,541 185,548 212,522 216,526 241,513 256,513 271,524 303,525 356,509 397,509 424,536 438,540 484,505 506,505 519,516 545,508 565,516 582,501 612,501 622,509 643,501 671,509 683,497 735,501 743,493 761,493 772,500 781,493 823,497 839,489 870,496 892,516 913,504 929,513 954,489 978,492 987,485 1006,489 1032,481 1079,480 1116,496 1176,473 1215,481 1255,470 1275,474 1326,465 1347,476 1400,467 1411,477 1430,477 1462,461 1524,457 1537,464 1570,453 1582,460 1593,456 1611,468 1626,453 1647,449 1682,461 1695,449 1727,453 1735,445 1818,448 1865,441 1879,451 1893,437 1916,437 1930,449 1955,444 1995,466 2008,456 2008,499 1985,517 1973,509 1951,509 1934,518 1919,509 1898,513 1887,502 1871,502 1839,510 1826,521 1813,521 1799,509 1787,517 1775,514 1755,534 1733,517 1714,515 1680,529 1666,518 1651,526 1637,519 1619,525 1582,517 1560,537 1551,532 1539,542 1508,525 1487,534 1467,525 1459,531 1419,523 1359,559 1320,534 1306,533 1291,545 1281,535 1262,545 1250,534 1179,534 1145,545 1130,538 1101,545 1060,542 1042,557 1011,561 990,553 978,565 956,565 948,573 926,557 890,553 882,561 866,557 845,575 827,570 804,590 794,581 770,581 759,571 732,573 724,565 686,580 618,569 595,581 575,573 553,585 527,565 500,581 472,565 451,573 433,565 408,569 385,589 370,585 352,597 323,570 289,573 279,583 262,577 220,585 209,577 185,577 159,589 150,581"/>
              </Shape>
            </String>
          </TextLine>
          <TextLine ID="ee1abf02-7689-48bc-9315-2b5e9506b8c6" HEIGHT="165" WIDTH="1863" HPOS="150" VPOS="501" STYLEREFS="textstyle-None---sans-serif---proportional---None---None---None">
            <Shape>
              <Polygon POINTS="150,589 172,589 184,577 220,585 270,577 279,584 290,573 319,573 352,597 368,585 384,589 404,569 420,567 435,580 444,573 459,585 472,581 496,598 535,574 563,581 578,573 594,581 623,569 638,577 669,573 696,580 712,565 724,565 732,573 758,570 804,590 831,568 844,573 867,557 885,561 893,553 943,557 963,567 981,549 1012,562 1026,553 1042,556 1064,541 1101,545 1129,538 1143,545 1180,534 1248,534 1261,545 1320,533 1348,556 1373,561 1420,524 1467,525 1513,553 1531,549 1552,529 1563,533 1581,517 1602,525 1629,525 1636,518 1653,525 1662,517 1681,517 1694,528 1714,515 1733,517 1756,534 1796,509 1812,518 1856,502 1863,508 1883,501 1907,521 1974,509 1990,525 2013,525 2011,570 1984,574 1962,567 1950,579 1912,586 1857,578 1844,585 1831,576 1798,597 1768,571 1749,571 1705,598 1673,602 1653,586 1599,598 1588,590 1519,583 1479,605 1466,593 1455,594 1424,621 1376,590 1355,594 1326,617 1313,617 1300,606 1283,618 1266,621 1259,614 1243,624 1220,614 1201,622 1185,606 1152,602 1135,616 1122,605 1100,613 1070,606 1011,636 1001,626 990,633 978,621 961,630 945,617 936,621 915,610 895,610 881,622 856,610 835,621 824,614 800,622 791,614 760,625 736,621 703,649 662,653 650,641 639,641 622,657 603,661 554,653 499,629 479,645 454,630 428,630 391,653 383,645 375,653 357,645 317,661 307,653 292,661 275,653 267,661 256,650 246,657 229,653 221,661 187,653 176,664 150,666"/>
            </Shape>
            <String ID="ee1abf02-7689-48bc-9315-2b5e9506b8c6-dummy-Word" HEIGHT="165" WIDTH="1863" HPOS="150" VPOS="501" CONTENT="doenen en men zag aan weerszijden der Chansse schoone bouwlanden">
              <Shape>
                <Polygon POINTS="150,589 172,589 184,577 220,585 270,577 279,584 290,573 319,573 352,597 368,585 384,589 404,569 420,567 435,580 444,573 459,585 472,581 496,598 535,574 563,581 578,573 594,581 623,569 638,577 669,573 696,580 712,565 724,565 732,573 758,570 804,590 831,568 844,573 867,557 885,561 893,553 943,557 963,567 981,549 1012,562 1026,553 1042,556 1064,541 1101,545 1129,538 1143,545 1180,534 1248,534 1261,545 1320,533 1348,556 1373,561 1420,524 1467,525 1513,553 1531,549 1552,529 1563,533 1581,517 1602,525 1629,525 1636,518 1653,525 1662,517 1681,517 1694,528 1714,515 1733,517 1756,534 1796,509 1812,518 1856,502 1863,508 1883,501 1907,521 1974,509 1990,525 2013,525 2011,570 1984,574 1962,567 1950,579 1912,586 1857,578 1844,585 1831,576 1798,597 1768,571 1749,571 1705,598 1673,602 1653,586 1599,598 1588,590 1519,583 1479,605 1466,593 1455,594 1424,621 1376,590 1355,594 1326,617 1313,617 1300,606 1283,618 1266,621 1259,614 1243,624 1220,614 1201,622 1185,606 1152,602 1135,616 1122,605 1100,613 1070,606 1011,636 1001,626 990,633 978,621 961,630 945,617 936,621 915,610 895,610 881,622 856,610 835,621 824,614 800,622 791,614 760,625 736,621 703,649 662,653 650,641 639,641 622,657 603,661 554,653 499,629 479,645 454,630 428,630 391,653 383,645 375,653 357,645 317,661 307,653 292,661 275,653 267,661 256,650 246,657 229,653 221,661 187,653 176,664 150,666"/>
              </Shape>
            </String>
          </TextLine>
          <TextLine ID="line_3e369cb9-b035-4bdb-9021-5488cf447cc4" HEIGHT="174" WIDTH="1787" HPOS="147" VPOS="571" STYLEREFS="textstyle-None---sans-serif---proportional---None---None---None">
            <Shape>
              <Polygon POINTS="147,661 174,665 185,654 205,653 221,662 231,653 257,650 268,661 307,654 318,661 357,642 373,656 384,645 401,661 425,661 438,650 466,653 505,629 557,655 601,662 622,657 646,638 663,653 680,653 708,644 736,621 760,625 791,614 801,622 825,614 833,622 853,610 872,622 894,610 929,610 961,630 985,619 995,629 1021,630 1060,606 1089,604 1101,612 1124,606 1137,618 1157,606 1182,606 1201,622 1217,617 1235,626 1260,616 1284,618 1301,606 1314,606 1327,617 1357,595 1377,591 1424,622 1448,598 1465,594 1479,605 1520,583 1607,598 1632,586 1665,594 1699,575 1722,586 1736,572 1743,578 1750,571 1772,571 1788,583 1823,582 1831,575 1845,585 1858,579 1892,585 1904,575 1934,587 1934,629 1917,633 1871,676 1818,649 1772,669 1721,648 1694,661 1666,641 1652,652 1639,641 1626,641 1582,669 1542,660 1527,673 1503,653 1487,669 1452,681 1440,680 1418,660 1358,680 1321,668 1284,668 1252,676 1244,671 1220,684 1184,677 1169,688 1089,668 1068,669 1049,688 1029,691 1010,673 974,692 938,684 921,697 890,696 874,684 861,693 837,693 825,684 791,709 780,709 770,701 727,701 710,689 689,696 635,689 585,724 572,718 540,724 492,706 452,727 424,725 411,733 392,721 370,724 351,708 319,729 293,727 270,745 252,731 232,732 224,724 215,732 184,724 160,745 147,740"/>
            </Shape>
            <String ID="line_3e369cb9-b035-4bdb-9021-5488cf447cc4-dummy-Word" HEIGHT="174" WIDTH="1787" HPOS="147" VPOS="571" CONTENT="waarop aardappels, kool, bietwortels, Turksche weit, vlas, hennip">
              <Shape>
                <Polygon POINTS="147,661 174,665 185,654 205,653 221,662 231,653 257,650 268,661 307,654 318,661 357,642 373,656 384,645 401,661 425,661 438,650 466,653 505,629 557,655 601,662 622,657 646,638 663,653 680,653 708,644 736,621 760,625 791,614 801,622 825,614 833,622 853,610 872,622 894,610 929,610 961,630 985,619 995,629 1021,630 1060,606 1089,604 1101,612 1124,606 1137,618 1157,606 1182,606 1201,622 1217,617 1235,626 1260,616 1284,618 1301,606 1314,606 1327,617 1357,595 1377,591 1424,622 1448,598 1465,594 1479,605 1520,583 1607,598 1632,586 1665,594 1699,575 1722,586 1736,572 1743,578 1750,571 1772,571 1788,583 1823,582 1831,575 1845,585 1858,579 1892,585 1904,575 1934,587 1934,629 1917,633 1871,676 1818,649 1772,669 1721,648 1694,661 1666,641 1652,652 1639,641 1626,641 1582,669 1542,660 1527,673 1503,653 1487,669 1452,681 1440,680 1418,660 1358,680 1321,668 1284,668 1252,676 1244,671 1220,684 1184,677 1169,688 1089,668 1068,669 1049,688 1029,691 1010,673 974,692 938,684 921,697 890,696 874,684 861,693 837,693 825,684 791,709 780,709 770,701 727,701 710,689 689,696 635,689 585,724 572,718 540,724 492,706 452,727 424,725 411,733 392,721 370,724 351,708 319,729 293,727 270,745 252,731 232,732 224,724 215,732 184,724 160,745 147,740"/>
              </Shape>
            </String>
          </TextLine>
          <TextLine ID="line_0054e1e7-f1d6-47f3-80c7-213ad2a8e2f9" HEIGHT="177" WIDTH="1872" HPOS="151" VPOS="626" STYLEREFS="textstyle-None---sans-serif---proportional---None---None---None">
            <Shape>
              <Polygon POINTS="151,745 156,750 185,725 214,716 232,732 253,732 272,745 321,717 337,717 351,728 365,721 381,728 444,725 468,733 516,720 524,727 534,720 586,724 636,689 709,689 742,705 765,697 800,713 841,701 866,681 897,697 923,697 940,683 978,692 1010,673 1028,688 1051,670 1093,669 1105,681 1133,673 1145,685 1168,688 1191,676 1204,684 1211,677 1229,681 1243,671 1268,677 1276,669 1337,669 1356,680 1367,676 1385,689 1450,669 1466,653 1483,669 1503,654 1522,664 1542,657 1550,665 1562,661 1584,669 1600,653 1628,642 1650,654 1666,642 1704,669 1726,653 1760,669 1825,653 1871,677 1922,630 1942,626 2002,661 2023,654 2023,696 2005,712 1975,703 1956,719 1931,724 1893,723 1866,707 1830,700 1819,707 1801,704 1778,727 1766,715 1726,715 1702,724 1692,715 1670,716 1654,727 1590,715 1581,723 1555,724 1531,743 1497,719 1459,724 1423,716 1374,724 1337,747 1308,735 1256,767 1231,763 1215,748 1196,756 1172,736 1150,732 1131,744 1107,740 1080,752 1045,783 1031,772 983,775 948,752 932,756 924,748 894,748 848,775 818,751 803,755 787,748 771,759 748,760 737,771 714,772 692,756 664,767 652,757 608,787 579,771 559,768 549,776 504,764 461,776 452,768 441,775 427,768 392,799 355,799 336,780 308,776 280,800 265,803 233,772 216,781 200,773 161,796 151,792"/>
            </Shape>
            <String ID="line_0054e1e7-f1d6-47f3-80c7-213ad2a8e2f9-dummy-Word" HEIGHT="177" WIDTH="1872" HPOS="151" VPOS="626" CONTENT="en papavers wierden verbouwt: op eene geruime afstand van Stanan">
              <Shape>
                <Polygon POINTS="151,745 156,750 185,725 214,716 232,732 253,732 272,745 321,717 337,717 351,728 365,721 381,728 444,725 468,733 516,720 524,727 534,720 586,724 636,689 709,689 742,705 765,697 800,713 841,701 866,681 897,697 923,697 940,683 978,692 1010,673 1028,688 1051,670 1093,669 1105,681 1133,673 1145,685 1168,688 1191,676 1204,684 1211,677 1229,681 1243,671 1268,677 1276,669 1337,669 1356,680 1367,676 1385,689 1450,669 1466,653 1483,669 1503,654 1522,664 1542,657 1550,665 1562,661 1584,669 1600,653 1628,642 1650,654 1666,642 1704,669 1726,653 1760,669 1825,653 1871,677 1922,630 1942,626 2002,661 2023,654 2023,696 2005,712 1975,703 1956,719 1931,724 1893,723 1866,707 1830,700 1819,707 1801,704 1778,727 1766,715 1726,715 1702,724 1692,715 1670,716 1654,727 1590,715 1581,723 1555,724 1531,743 1497,719 1459,724 1423,716 1374,724 1337,747 1308,735 1256,767 1231,763 1215,748 1196,756 1172,736 1150,732 1131,744 1107,740 1080,752 1045,783 1031,772 983,775 948,752 932,756 924,748 894,748 848,775 818,751 803,755 787,748 771,759 748,760 737,771 714,772 692,756 664,767 652,757 608,787 579,771 559,768 549,776 504,764 461,776 452,768 441,775 427,768 392,799 355,799 336,780 308,776 280,800 265,803 233,772 216,781 200,773 161,796 151,792"/>
              </Shape>
            </String>
          </TextLine>
          <TextLine ID="line_6bf6ceeb-18af-42e5-b96e-a09a96e9e97f" HEIGHT="173" WIDTH="1869" HPOS="147" VPOS="696" STYLEREFS="textstyle-None---sans-serif---proportional---None---None---None">
            <Shape>
              <Polygon POINTS="147,783 190,783 202,771 233,771 266,802 308,771 323,782 331,775 346,790 392,799 428,767 448,782 463,771 504,763 549,775 579,770 588,778 616,755 640,770 672,751 693,751 737,771 749,759 772,759 791,747 811,762 828,758 847,774 897,747 919,762 941,755 951,765 965,763 982,778 1001,771 1016,782 1027,772 1047,783 1081,751 1108,739 1132,743 1156,732 1180,744 1210,743 1240,766 1269,767 1308,735 1336,747 1386,720 1428,720 1443,735 1456,735 1468,724 1483,731 1494,725 1527,744 1575,719 1583,727 1615,719 1643,729 1671,716 1703,724 1727,714 1767,716 1778,726 1800,704 1820,707 1837,700 1874,711 1893,700 1906,710 1920,696 1956,696 1970,707 1990,702 2016,722 2016,764 1993,782 1969,765 1949,762 1887,781 1873,781 1858,766 1843,766 1819,782 1785,782 1772,770 1721,785 1697,774 1682,781 1630,778 1602,797 1591,789 1566,797 1550,786 1523,785 1497,793 1408,790 1399,797 1363,790 1347,798 1179,798 1125,835 1108,838 1076,811 1062,819 1043,814 1006,846 989,829 959,831 939,822 917,837 897,821 859,821 826,837 812,824 804,830 788,818 736,841 721,834 703,838 693,830 681,837 673,833 625,869 553,846 519,865 477,832 446,838 402,834 372,846 361,838 349,850 311,845 296,858 280,857 260,838 221,846 197,839 166,869 147,861"/>
            </Shape>
            <String ID="line_6bf6ceeb-18af-42e5-b96e-a09a96e9e97f-dummy-Word" HEIGHT="173" WIDTH="1869" HPOS="147" VPOS="696" CONTENT="hield de chansse geheel op en wy kwamen in het zware zand waarme¬">
              <Shape>
                <Polygon POINTS="147,783 190,783 202,771 233,771 266,802 308,771 323,782 331,775 346,790 392,799 428,767 448,782 463,771 504,763 549,775 579,770 588,778 616,755 640,770 672,751 693,751 737,771 749,759 772,759 791,747 811,762 828,758 847,774 897,747 919,762 941,755 951,765 965,763 982,778 1001,771 1016,782 1027,772 1047,783 1081,751 1108,739 1132,743 1156,732 1180,744 1210,743 1240,766 1269,767 1308,735 1336,747 1386,720 1428,720 1443,735 1456,735 1468,724 1483,731 1494,725 1527,744 1575,719 1583,727 1615,719 1643,729 1671,716 1703,724 1727,714 1767,716 1778,726 1800,704 1820,707 1837,700 1874,711 1893,700 1906,710 1920,696 1956,696 1970,707 1990,702 2016,722 2016,764 1993,782 1969,765 1949,762 1887,781 1873,781 1858,766 1843,766 1819,782 1785,782 1772,770 1721,785 1697,774 1682,781 1630,778 1602,797 1591,789 1566,797 1550,786 1523,785 1497,793 1408,790 1399,797 1363,790 1347,798 1179,798 1125,835 1108,838 1076,811 1062,819 1043,814 1006,846 989,829 959,831 939,822 917,837 897,821 859,821 826,837 812,824 804,830 788,818 736,841 721,834 703,838 693,830 681,837 673,833 625,869 553,846 519,865 477,832 446,838 402,834 372,846 361,838 349,850 311,845 296,858 280,857 260,838 221,846 197,839 166,869 147,861"/>
              </Shape>
            </String>
          </TextLine>
          <TextLine ID="line_618cdd25-3ac6-4b32-a55e-43d89d11cd58" HEIGHT="56" WIDTH="188" HPOS="1151" VPOS="791" STYLEREFS="textstyle-None---sans-serif---proportional---None---None---None">
            <Shape>
              <Polygon POINTS="1151,818 1176,800 1217,799 1225,807 1262,795 1291,801 1316,791 1339,795 1339,837 1334,831 1287,836 1271,847 1258,836 1218,843 1151,840"/>
            </Shape>
            <String ID="line_618cdd25-3ac6-4b32-a55e-43d89d11cd58-dummy-Word" HEIGHT="56" WIDTH="188" HPOS="1151" VPOS="791" CONTENT="desezen">
              <Shape>
                <Polygon POINTS="1151,818 1176,800 1217,799 1225,807 1262,795 1291,801 1316,791 1339,795 1339,837 1334,831 1287,836 1271,847 1258,836 1218,843 1151,840"/>
              </Shape>
            </String>
          </TextLine>
          <TextLine ID="line_3f1a051f-e642-4b94-bb76-47e5213cc1b3" HEIGHT="179" WIDTH="1846" HPOS="146" VPOS="764" STYLEREFS="textstyle-None---sans-serif---proportional---None---None---None">
            <Shape>
              <Polygon POINTS="146,862 164,871 196,839 220,847 253,835 291,862 306,847 324,851 352,847 360,839 377,846 401,835 476,834 512,863 542,854 573,870 595,859 624,867 682,831 731,839 787,819 813,839 833,823 843,829 874,823 886,835 921,835 939,823 985,827 1005,847 1035,847 1075,811 1110,838 1191,799 1224,808 1236,799 1321,799 1328,792 1340,799 1415,792 1423,799 1437,792 1478,795 1487,788 1562,792 1579,780 1603,780 1618,789 1641,780 1666,785 1689,776 1719,787 1742,783 1754,772 1773,772 1784,783 1816,783 1843,768 1866,768 1883,780 1948,764 1967,765 1992,787 1992,829 1975,841 1631,841 1367,856 1183,856 1164,875 1127,884 1095,915 1062,912 1052,919 1020,915 998,895 981,899 963,883 942,899 923,895 891,912 871,911 847,889 822,905 799,896 778,911 760,899 721,892 677,895 654,915 638,903 602,903 560,919 535,903 502,911 470,939 435,916 422,919 411,908 389,911 375,904 352,919 321,919 295,943 285,943 247,911 225,919 160,900 146,908"/>
            </Shape>
            <String ID="line_3f1a051f-e642-4b94-bb76-47e5213cc1b3-dummy-Word" HEIGHT="179" WIDTH="1846" HPOS="146" VPOS="764" CONTENT="de wy juist geene voordeelige ruiling gedaan hadden bylange het">
              <Shape>
                <Polygon POINTS="146,862 164,871 196,839 220,847 253,835 291,862 306,847 324,851 352,847 360,839 377,846 401,835 476,834 512,863 542,854 573,870 595,859 624,867 682,831 731,839 787,819 813,839 833,823 843,829 874,823 886,835 921,835 939,823 985,827 1005,847 1035,847 1075,811 1110,838 1191,799 1224,808 1236,799 1321,799 1328,792 1340,799 1415,792 1423,799 1437,792 1478,795 1487,788 1562,792 1579,780 1603,780 1618,789 1641,780 1666,785 1689,776 1719,787 1742,783 1754,772 1773,772 1784,783 1816,783 1843,768 1866,768 1883,780 1948,764 1967,765 1992,787 1992,829 1975,841 1631,841 1367,856 1183,856 1164,875 1127,884 1095,915 1062,912 1052,919 1020,915 998,895 981,899 963,883 942,899 923,895 891,912 871,911 847,889 822,905 799,896 778,911 760,899 721,892 677,895 654,915 638,903 602,903 560,919 535,903 502,911 470,939 435,916 422,919 411,908 389,911 375,904 352,919 321,919 295,943 285,943 247,911 225,919 160,900 146,908"/>
              </Shape>
            </String>
          </TextLine>
          <TextLine ID="line_4a4daa22-ad1e-4b68-a86a-4adb38e362d0" HEIGHT="171" WIDTH="1876" HPOS="142" VPOS="833" STYLEREFS="textstyle-None---sans-serif---proportional---None---None---None">
            <Shape>
              <Polygon POINTS="142,904 159,899 214,915 237,904 291,944 320,916 344,922 368,904 391,908 417,900 465,931 503,900 616,908 632,892 719,892 768,904 778,895 826,900 851,891 871,911 891,912 931,891 946,895 962,881 980,899 994,892 1022,916 1050,917 1095,915 1140,876 1180,896 1197,893 1217,875 1230,883 1237,876 1286,871 1304,882 1340,860 1352,866 1379,860 1390,870 1418,856 1439,856 1484,864 1495,875 1513,863 1521,870 1533,863 1557,876 1583,863 1616,871 1630,864 1649,868 1668,851 1694,875 1725,854 1740,857 1765,844 1813,887 1864,855 1890,867 1923,839 1943,851 1950,844 1973,846 1995,833 2018,855 2018,897 2009,893 1997,904 1973,909 1949,933 1898,901 1858,932 1793,932 1749,956 1697,921 1672,935 1661,924 1650,928 1617,919 1580,940 1573,933 1528,932 1496,952 1482,940 1463,948 1452,940 1416,940 1401,948 1388,937 1374,944 1337,929 1328,936 1249,933 1209,955 1191,937 1176,937 1138,972 1102,962 1075,968 1061,954 1040,956 1024,968 972,968 939,952 914,968 892,956 863,956 843,968 780,956 771,964 759,960 731,980 710,980 672,960 637,972 628,968 620,976 592,972 582,963 530,986 510,972 494,972 470,996 439,1004 426,1000 390,964 375,970 369,964 327,1004 291,985 271,1003 251,987 212,992 191,975 180,976 164,992 149,980 142,987"/>
            </Shape>
            <String ID="line_4a4daa22-ad1e-4b68-a86a-4adb38e362d0-dummy-Word" HEIGHT="171" WIDTH="1876" HPOS="142" VPOS="833" CONTENT="bosch rydende waarin de Franschen in 1813 zoo wanhopig gevoegten">
              <Shape>
                <Polygon POINTS="142,904 159,899 214,915 237,904 291,944 320,916 344,922 368,904 391,908 417,900 465,931 503,900 616,908 632,892 719,892 768,904 778,895 826,900 851,891 871,911 891,912 931,891 946,895 962,881 980,899 994,892 1022,916 1050,917 1095,915 1140,876 1180,896 1197,893 1217,875 1230,883 1237,876 1286,871 1304,882 1340,860 1352,866 1379,860 1390,870 1418,856 1439,856 1484,864 1495,875 1513,863 1521,870 1533,863 1557,876 1583,863 1616,871 1630,864 1649,868 1668,851 1694,875 1725,854 1740,857 1765,844 1813,887 1864,855 1890,867 1923,839 1943,851 1950,844 1973,846 1995,833 2018,855 2018,897 2009,893 1997,904 1973,909 1949,933 1898,901 1858,932 1793,932 1749,956 1697,921 1672,935 1661,924 1650,928 1617,919 1580,940 1573,933 1528,932 1496,952 1482,940 1463,948 1452,940 1416,940 1401,948 1388,937 1374,944 1337,929 1328,936 1249,933 1209,955 1191,937 1176,937 1138,972 1102,962 1075,968 1061,954 1040,956 1024,968 972,968 939,952 914,968 892,956 863,956 843,968 780,956 771,964 759,960 731,980 710,980 672,960 637,972 628,968 620,976 592,972 582,963 530,986 510,972 494,972 470,996 439,1004 426,1000 390,964 375,970 369,964 327,1004 291,985 271,1003 251,987 212,992 191,975 180,976 164,992 149,980 142,987"/>
              </Shape>
            </String>
          </TextLine>
          <TextLine ID="a5f90cc0-c2a7-4a09-b4e3-e6354fddc263" HEIGHT="161" WIDTH="1863" HPOS="146" VPOS="908" STYLEREFS="textstyle-None---sans-serif---proportional---None---None---None">
            <Shape>
              <Polygon POINTS="146,1002 188,975 207,994 249,987 270,1006 292,990 304,990 322,1006 356,975 428,965 440,974 455,971 498,1002 526,998 538,1006 547,998 572,1002 604,991 615,1002 639,990 677,1002 689,994 699,998 717,982 777,955 807,959 818,969 831,958 843,968 891,955 912,966 937,954 982,967 1007,959 1032,974 1059,958 1082,970 1106,963 1135,972 1172,943 1189,939 1210,954 1236,943 1252,951 1277,932 1326,938 1340,930 1364,943 1401,928 1425,943 1474,943 1487,956 1548,925 1578,939 1608,919 1631,919 1671,950 1703,959 1723,945 1751,958 1800,924 1816,935 1827,927 1847,935 1890,908 1915,911 1944,936 1972,911 1986,908 2009,920 2006,966 1997,961 1964,988 1947,973 1935,981 1916,973 1856,1005 1832,989 1809,989 1801,997 1793,990 1781,998 1773,993 1758,1008 1699,1007 1680,998 1636,1017 1611,993 1592,990 1558,1017 1538,1001 1500,990 1467,1012 1441,994 1424,994 1385,1013 1358,1001 1340,1009 1280,1002 1271,1009 1240,1006 1215,1022 1179,1014 1158,1026 1129,1014 1114,1022 1099,1014 1081,1021 1060,1014 1016,1054 1003,1053 972,1025 931,1033 914,1022 854,1041 834,1029 793,1026 772,1046 752,1047 718,1034 700,1045 690,1038 680,1048 643,1030 616,1030 609,1037 579,1034 559,1049 541,1037 515,1038 486,1054 456,1034 427,1034 398,1056 377,1053 366,1042 331,1046 304,1038 288,1049 272,1042 234,1069 224,1061 200,1065 179,1045 164,1046 156,1038 146,1048"/>
            </Shape>
            <String ID="a5f90cc0-c2a7-4a09-b4e3-e6354fddc263-dummy-Word" HEIGHT="161" WIDTH="1863" HPOS="146" VPOS="908" CONTENT="hebben kwamen wy om 8 uur in gemelde stad aan en stapten aan het">
              <Shape>
                <Polygon POINTS="146,1002 188,975 207,994 249,987 270,1006 292,990 304,990 322,1006 356,975 428,965 440,974 455,971 498,1002 526,998 538,1006 547,998 572,1002 604,991 615,1002 639,990 677,1002 689,994 699,998 717,982 777,955 807,959 818,969 831,958 843,968 891,955 912,966 937,954 982,967 1007,959 1032,974 1059,958 1082,970 1106,963 1135,972 1172,943 1189,939 1210,954 1236,943 1252,951 1277,932 1326,938 1340,930 1364,943 1401,928 1425,943 1474,943 1487,956 1548,925 1578,939 1608,919 1631,919 1671,950 1703,959 1723,945 1751,958 1800,924 1816,935 1827,927 1847,935 1890,908 1915,911 1944,936 1972,911 1986,908 2009,920 2006,966 1997,961 1964,988 1947,973 1935,981 1916,973 1856,1005 1832,989 1809,989 1801,997 1793,990 1781,998 1773,993 1758,1008 1699,1007 1680,998 1636,1017 1611,993 1592,990 1558,1017 1538,1001 1500,990 1467,1012 1441,994 1424,994 1385,1013 1358,1001 1340,1009 1280,1002 1271,1009 1240,1006 1215,1022 1179,1014 1158,1026 1129,1014 1114,1022 1099,1014 1081,1021 1060,1014 1016,1054 1003,1053 972,1025 931,1033 914,1022 854,1041 834,1029 793,1026 772,1046 752,1047 718,1034 700,1045 690,1038 680,1048 643,1030 616,1030 609,1037 579,1034 559,1049 541,1037 515,1038 486,1054 456,1034 427,1034 398,1056 377,1053 366,1042 331,1046 304,1038 288,1049 272,1042 234,1069 224,1061 200,1065 179,1045 164,1046 156,1038 146,1048"/>
              </Shape>
            </String>
          </TextLine>
          <TextLine ID="ca00c67f-978b-43b2-971a-ddd233c278b4" HEIGHT="176" WIDTH="1881" HPOS="144" VPOS="965" STYLEREFS="textstyle-None---sans-serif---proportional---None---None---None">
            <Shape>
              <Polygon POINTS="144,1054 152,1062 178,1046 200,1046 212,1054 227,1039 275,1039 291,1050 309,1039 330,1050 369,1046 387,1058 406,1055 426,1035 455,1035 481,1054 504,1050 519,1038 557,1053 590,1031 645,1031 661,1045 697,1054 731,1031 751,1046 772,1047 809,1023 824,1023 849,1039 908,1023 932,1033 973,1026 1014,1055 1060,1015 1081,1022 1098,1011 1159,1028 1187,1011 1213,1023 1241,1007 1261,1015 1281,1004 1328,1011 1337,1003 1367,1000 1389,1011 1424,996 1441,996 1469,1011 1494,995 1518,1003 1535,991 1560,999 1585,988 1614,996 1640,1019 1652,1007 1683,1001 1700,1010 1708,1003 1761,1006 1772,995 1811,1003 1855,968 1879,968 1901,983 1932,965 1942,975 1963,967 1975,979 1992,971 2025,989 2025,1030 2001,1030 1993,1038 1981,1030 1964,1030 1956,1038 1911,1034 1903,1042 1894,1035 1858,1044 1845,1038 1837,1046 1820,1038 1813,1045 1773,1045 1764,1054 1751,1046 1742,1053 1697,1046 1673,1070 1650,1063 1625,1078 1590,1066 1568,1077 1544,1062 1512,1058 1485,1058 1466,1073 1449,1062 1432,1062 1421,1073 1392,1074 1383,1083 1335,1066 1283,1101 1255,1077 1195,1081 1172,1093 1150,1078 1130,1090 1113,1078 1081,1078 1056,1093 1036,1093 1028,1085 988,1093 979,1086 946,1086 939,1093 925,1086 860,1109 821,1094 738,1109 708,1102 678,1117 657,1117 646,1106 598,1101 591,1094 559,1094 529,1109 520,1101 482,1102 443,1141 395,1101 379,1098 352,1098 306,1138 278,1133 257,1115 218,1113 202,1102 174,1109 159,1098 144,1101"/>
            </Shape>
            <String ID="ca00c67f-978b-43b2-971a-ddd233c278b4-dummy-Word" HEIGHT="176" WIDTH="1881" HPOS="144" VPOS="965" CONTENT="vorstelyk logement de Reus af. In dit zelfde logement waren ook de">
              <Shape>
                <Polygon POINTS="144,1054 152,1062 178,1046 200,1046 212,1054 227,1039 275,1039 291,1050 309,1039 330,1050 369,1046 387,1058 406,1055 426,1035 455,1035 481,1054 504,1050 519,1038 557,1053 590,1031 645,1031 661,1045 697,1054 731,1031 751,1046 772,1047 809,1023 824,1023 849,1039 908,1023 932,1033 973,1026 1014,1055 1060,1015 1081,1022 1098,1011 1159,1028 1187,1011 1213,1023 1241,1007 1261,1015 1281,1004 1328,1011 1337,1003 1367,1000 1389,1011 1424,996 1441,996 1469,1011 1494,995 1518,1003 1535,991 1560,999 1585,988 1614,996 1640,1019 1652,1007 1683,1001 1700,1010 1708,1003 1761,1006 1772,995 1811,1003 1855,968 1879,968 1901,983 1932,965 1942,975 1963,967 1975,979 1992,971 2025,989 2025,1030 2001,1030 1993,1038 1981,1030 1964,1030 1956,1038 1911,1034 1903,1042 1894,1035 1858,1044 1845,1038 1837,1046 1820,1038 1813,1045 1773,1045 1764,1054 1751,1046 1742,1053 1697,1046 1673,1070 1650,1063 1625,1078 1590,1066 1568,1077 1544,1062 1512,1058 1485,1058 1466,1073 1449,1062 1432,1062 1421,1073 1392,1074 1383,1083 1335,1066 1283,1101 1255,1077 1195,1081 1172,1093 1150,1078 1130,1090 1113,1078 1081,1078 1056,1093 1036,1093 1028,1085 988,1093 979,1086 946,1086 939,1093 925,1086 860,1109 821,1094 738,1109 708,1102 678,1117 657,1117 646,1106 598,1101 591,1094 559,1094 529,1109 520,1101 482,1102 443,1141 395,1101 379,1098 352,1098 306,1138 278,1133 257,1115 218,1113 202,1102 174,1109 159,1098 144,1101"/>
              </Shape>
            </String>
          </TextLine>
          <TextLine ID="line_4ccfae8b-8b91-477d-949f-9fd08a9482ed" HEIGHT="163" WIDTH="1879" HPOS="142" VPOS="1033" STYLEREFS="textstyle-None---sans-serif---proportional---None---None---None">
            <Shape>
              <Polygon POINTS="142,1104 154,1095 176,1108 196,1100 210,1112 261,1116 302,1139 345,1104 385,1100 439,1142 491,1096 525,1108 572,1096 608,1116 621,1104 652,1108 664,1096 712,1108 720,1100 780,1104 788,1096 833,1096 847,1104 866,1092 884,1104 935,1084 955,1091 975,1085 988,1095 1034,1080 1052,1092 1084,1092 1096,1080 1112,1080 1127,1092 1144,1076 1178,1092 1198,1076 1217,1088 1252,1076 1280,1103 1334,1069 1354,1069 1382,1084 1395,1074 1403,1078 1430,1068 1452,1085 1494,1076 1529,1057 1552,1068 1575,1064 1623,1080 1648,1064 1682,1068 1716,1046 1779,1060 1797,1044 1821,1048 1828,1041 1872,1037 1903,1046 1930,1033 1988,1043 2003,1056 2021,1052 2020,1096 1980,1101 1971,1110 1954,1101 1932,1113 1921,1105 1884,1132 1866,1122 1848,1132 1820,1110 1775,1135 1747,1117 1702,1110 1691,1120 1664,1125 1635,1117 1605,1125 1563,1117 1539,1140 1516,1149 1504,1148 1470,1121 1391,1135 1366,1129 1351,1141 1342,1134 1320,1148 1299,1133 1285,1133 1268,1145 1237,1133 1227,1141 1175,1142 1143,1152 1128,1140 1103,1148 1072,1141 1064,1149 1052,1145 1040,1157 1028,1148 1003,1155 982,1145 973,1152 947,1149 924,1168 914,1160 878,1168 854,1157 840,1169 806,1168 793,1160 732,1173 712,1156 680,1153 665,1165 620,1173 601,1188 588,1188 548,1157 516,1157 493,1176 473,1160 446,1157 417,1176 396,1165 364,1196 339,1188 313,1165 252,1172 180,1169 160,1188 142,1174"/>
            </Shape>
            <String ID="line_4ccfae8b-8b91-477d-949f-9fd08a9482ed-dummy-Word" HEIGHT="163" WIDTH="1879" HPOS="142" VPOS="1033" CONTENT="voormalige Koning van Zweden en twee russische Generalen gelogeerd">
              <Shape>
                <Polygon POINTS="142,1104 154,1095 176,1108 196,1100 210,1112 261,1116 302,1139 345,1104 385,1100 439,1142 491,1096 525,1108 572,1096 608,1116 621,1104 652,1108 664,1096 712,1108 720,1100 780,1104 788,1096 833,1096 847,1104 866,1092 884,1104 935,1084 955,1091 975,1085 988,1095 1034,1080 1052,1092 1084,1092 1096,1080 1112,1080 1127,1092 1144,1076 1178,1092 1198,1076 1217,1088 1252,1076 1280,1103 1334,1069 1354,1069 1382,1084 1395,1074 1403,1078 1430,1068 1452,1085 1494,1076 1529,1057 1552,1068 1575,1064 1623,1080 1648,1064 1682,1068 1716,1046 1779,1060 1797,1044 1821,1048 1828,1041 1872,1037 1903,1046 1930,1033 1988,1043 2003,1056 2021,1052 2020,1096 1980,1101 1971,1110 1954,1101 1932,1113 1921,1105 1884,1132 1866,1122 1848,1132 1820,1110 1775,1135 1747,1117 1702,1110 1691,1120 1664,1125 1635,1117 1605,1125 1563,1117 1539,1140 1516,1149 1504,1148 1470,1121 1391,1135 1366,1129 1351,1141 1342,1134 1320,1148 1299,1133 1285,1133 1268,1145 1237,1133 1227,1141 1175,1142 1143,1152 1128,1140 1103,1148 1072,1141 1064,1149 1052,1145 1040,1157 1028,1148 1003,1155 982,1145 973,1152 947,1149 924,1168 914,1160 878,1168 854,1157 840,1169 806,1168 793,1160 732,1173 712,1156 680,1153 665,1165 620,1173 601,1188 588,1188 548,1157 516,1157 493,1176 473,1160 446,1157 417,1176 396,1165 364,1196 339,1188 313,1165 252,1172 180,1169 160,1188 142,1174"/>
              </Shape>
            </String>
          </TextLine>
          <TextLine ID="line_9426aa7c-8f28-4e9c-8123-22a4e66861fc" HEIGHT="163" WIDTH="1867" HPOS="145" VPOS="1101" STYLEREFS="textstyle-None---sans-serif---proportional---None---None---None">
            <Shape>
              <Polygon POINTS="145,1184 159,1188 179,1169 216,1169 227,1178 237,1168 312,1165 363,1196 401,1164 419,1173 439,1159 466,1157 495,1174 515,1157 545,1157 588,1188 601,1188 632,1168 666,1165 678,1153 704,1153 728,1172 741,1173 791,1160 808,1168 824,1153 845,1149 883,1168 914,1148 940,1145 961,1152 1008,1145 1041,1156 1076,1141 1147,1152 1186,1141 1211,1148 1238,1133 1268,1145 1299,1129 1314,1129 1337,1145 1353,1137 1360,1144 1382,1144 1395,1132 1469,1121 1512,1149 1539,1140 1562,1117 1591,1121 1599,1113 1631,1116 1639,1124 1654,1117 1665,1124 1702,1109 1714,1115 1724,1109 1768,1136 1794,1134 1825,1117 1847,1132 1855,1125 1880,1132 1919,1105 1938,1112 1950,1101 1994,1125 2012,1118 2012,1159 1991,1159 1978,1172 1955,1174 1924,1197 1910,1189 1879,1197 1842,1182 1827,1197 1806,1198 1794,1187 1766,1193 1752,1179 1719,1189 1695,1174 1667,1200 1614,1178 1590,1200 1578,1189 1525,1194 1499,1182 1478,1190 1471,1183 1444,1205 1415,1213 1405,1205 1392,1213 1382,1205 1371,1213 1348,1195 1334,1201 1323,1190 1263,1201 1240,1217 1219,1213 1200,1198 1181,1198 1170,1209 1149,1202 1118,1217 1099,1213 1091,1221 1061,1216 1043,1225 1023,1212 965,1244 936,1232 910,1206 894,1213 811,1206 804,1213 769,1213 761,1221 729,1210 692,1232 629,1213 603,1221 567,1249 543,1236 525,1240 501,1221 491,1225 473,1217 434,1240 405,1221 366,1228 318,1221 283,1246 262,1228 235,1236 211,1225 195,1229 156,1264 145,1256"/>
            </Shape>
            <String ID="line_9426aa7c-8f28-4e9c-8123-22a4e66861fc-dummy-Word" HEIGHT="163" WIDTH="1867" HPOS="145" VPOS="1101" CONTENT="beide laatsten zyn deeze morge vertrokken zy hadden vrij wat ge¬">
              <Shape>
                <Polygon POINTS="145,1184 159,1188 179,1169 216,1169 227,1178 237,1168 312,1165 363,1196 401,1164 419,1173 439,1159 466,1157 495,1174 515,1157 545,1157 588,1188 601,1188 632,1168 666,1165 678,1153 704,1153 728,1172 741,1173 791,1160 808,1168 824,1153 845,1149 883,1168 914,1148 940,1145 961,1152 1008,1145 1041,1156 1076,1141 1147,1152 1186,1141 1211,1148 1238,1133 1268,1145 1299,1129 1314,1129 1337,1145 1353,1137 1360,1144 1382,1144 1395,1132 1469,1121 1512,1149 1539,1140 1562,1117 1591,1121 1599,1113 1631,1116 1639,1124 1654,1117 1665,1124 1702,1109 1714,1115 1724,1109 1768,1136 1794,1134 1825,1117 1847,1132 1855,1125 1880,1132 1919,1105 1938,1112 1950,1101 1994,1125 2012,1118 2012,1159 1991,1159 1978,1172 1955,1174 1924,1197 1910,1189 1879,1197 1842,1182 1827,1197 1806,1198 1794,1187 1766,1193 1752,1179 1719,1189 1695,1174 1667,1200 1614,1178 1590,1200 1578,1189 1525,1194 1499,1182 1478,1190 1471,1183 1444,1205 1415,1213 1405,1205 1392,1213 1382,1205 1371,1213 1348,1195 1334,1201 1323,1190 1263,1201 1240,1217 1219,1213 1200,1198 1181,1198 1170,1209 1149,1202 1118,1217 1099,1213 1091,1221 1061,1216 1043,1225 1023,1212 965,1244 936,1232 910,1206 894,1213 811,1206 804,1213 769,1213 761,1221 729,1210 692,1232 629,1213 603,1221 567,1249 543,1236 525,1240 501,1221 491,1225 473,1217 434,1240 405,1221 366,1228 318,1221 283,1246 262,1228 235,1236 211,1225 195,1229 156,1264 145,1256"/>
              </Shape>
            </String>
          </TextLine>
          <TextLine ID="line_5b9caba6-b78c-48f6-9f71-5cca984be5d8" HEIGHT="154" WIDTH="1873" HPOS="145" VPOS="1172" STYLEREFS="textstyle-None---sans-serif---proportional---None---None---None">
            <Shape>
              <Polygon POINTS="145,1239 177,1239 216,1223 245,1223 278,1235 290,1223 317,1223 326,1231 352,1223 370,1231 392,1219 416,1219 433,1231 499,1219 525,1239 544,1235 566,1250 609,1222 635,1235 654,1219 675,1214 700,1235 721,1215 769,1219 793,1207 874,1207 887,1215 912,1207 946,1235 976,1207 993,1219 1019,1207 1034,1222 1048,1223 1104,1212 1115,1218 1146,1196 1167,1207 1174,1203 1217,1215 1249,1215 1270,1195 1313,1212 1326,1199 1342,1196 1366,1211 1389,1210 1404,1222 1469,1184 1501,1184 1527,1195 1559,1183 1592,1196 1617,1178 1657,1193 1678,1179 1716,1172 1738,1183 1750,1179 1765,1194 1789,1175 1802,1175 1814,1187 1831,1179 1881,1195 1925,1195 1949,1181 1966,1191 2012,1191 2018,1184 2018,1225 1979,1225 1938,1255 1915,1248 1901,1252 1889,1240 1860,1248 1846,1236 1830,1252 1813,1244 1804,1252 1767,1256 1733,1237 1670,1252 1658,1241 1609,1256 1600,1247 1586,1256 1576,1250 1569,1256 1545,1252 1529,1267 1520,1260 1487,1279 1450,1260 1420,1267 1395,1252 1378,1260 1361,1256 1350,1267 1323,1259 1305,1276 1294,1271 1272,1282 1250,1264 1214,1275 1186,1260 1144,1261 1112,1283 1086,1275 1073,1282 1042,1269 1014,1283 987,1268 946,1303 930,1308 902,1303 878,1287 862,1291 829,1272 809,1283 769,1272 757,1284 742,1279 727,1287 712,1287 699,1276 679,1276 671,1284 652,1276 638,1289 624,1288 614,1278 587,1299 533,1295 500,1280 443,1303 414,1284 395,1291 379,1284 305,1288 270,1318 236,1326 223,1315 206,1322 173,1311 162,1320 145,1311"/>
            </Shape>
            <String ID="line_5b9caba6-b78c-48f6-9f71-5cca984be5d8-dummy-Word" HEIGHT="154" WIDTH="1873" HPOS="145" VPOS="1172" CONTENT="volg by zich: de eerste daarentegen is hier zeer stel met een kamer die">
              <Shape>
                <Polygon POINTS="145,1239 177,1239 216,1223 245,1223 278,1235 290,1223 317,1223 326,1231 352,1223 370,1231 392,1219 416,1219 433,1231 499,1219 525,1239 544,1235 566,1250 609,1222 635,1235 654,1219 675,1214 700,1235 721,1215 769,1219 793,1207 874,1207 887,1215 912,1207 946,1235 976,1207 993,1219 1019,1207 1034,1222 1048,1223 1104,1212 1115,1218 1146,1196 1167,1207 1174,1203 1217,1215 1249,1215 1270,1195 1313,1212 1326,1199 1342,1196 1366,1211 1389,1210 1404,1222 1469,1184 1501,1184 1527,1195 1559,1183 1592,1196 1617,1178 1657,1193 1678,1179 1716,1172 1738,1183 1750,1179 1765,1194 1789,1175 1802,1175 1814,1187 1831,1179 1881,1195 1925,1195 1949,1181 1966,1191 2012,1191 2018,1184 2018,1225 1979,1225 1938,1255 1915,1248 1901,1252 1889,1240 1860,1248 1846,1236 1830,1252 1813,1244 1804,1252 1767,1256 1733,1237 1670,1252 1658,1241 1609,1256 1600,1247 1586,1256 1576,1250 1569,1256 1545,1252 1529,1267 1520,1260 1487,1279 1450,1260 1420,1267 1395,1252 1378,1260 1361,1256 1350,1267 1323,1259 1305,1276 1294,1271 1272,1282 1250,1264 1214,1275 1186,1260 1144,1261 1112,1283 1086,1275 1073,1282 1042,1269 1014,1283 987,1268 946,1303 930,1308 902,1303 878,1287 862,1291 829,1272 809,1283 769,1272 757,1284 742,1279 727,1287 712,1287 699,1276 679,1276 671,1284 652,1276 638,1289 624,1288 614,1278 587,1299 533,1295 500,1280 443,1303 414,1284 395,1291 379,1284 305,1288 270,1318 236,1326 223,1315 206,1322 173,1311 162,1320 145,1311"/>
              </Shape>
            </String>
          </TextLine>
          <TextLine ID="line_23e8f348-b6e3-4e16-957d-9244d3896f4a" HEIGHT="144" WIDTH="1883" HPOS="141" VPOS="1230" STYLEREFS="textstyle-None---sans-serif---proportional---None---None---None">
            <Shape>
              <Polygon POINTS="141,1326 174,1309 205,1321 224,1314 235,1325 276,1317 297,1298 317,1305 338,1286 396,1289 407,1282 443,1302 474,1297 493,1282 586,1298 607,1278 638,1289 649,1278 671,1286 695,1274 714,1286 748,1289 767,1274 802,1286 824,1273 872,1298 891,1295 930,1309 988,1266 1016,1282 1039,1269 1071,1281 1116,1281 1139,1277 1154,1262 1191,1261 1216,1273 1242,1258 1271,1282 1292,1282 1327,1258 1400,1286 1444,1265 1463,1274 1480,1265 1487,1271 1510,1253 1535,1259 1547,1253 1565,1257 1574,1249 1585,1258 1595,1249 1630,1254 1646,1238 1655,1245 1670,1238 1689,1253 1736,1234 1781,1257 1839,1230 1858,1245 1871,1241 1893,1253 1923,1246 1965,1258 1995,1246 2017,1260 2024,1252 2024,1293 2015,1288 1958,1323 1946,1322 1914,1295 1898,1295 1880,1310 1858,1310 1840,1326 1800,1326 1784,1318 1763,1335 1742,1334 1733,1326 1723,1334 1695,1334 1677,1318 1636,1323 1602,1310 1561,1318 1510,1350 1470,1334 1458,1342 1435,1326 1419,1326 1372,1362 1329,1330 1267,1331 1246,1342 1217,1342 1209,1350 1195,1349 1184,1338 1135,1342 1121,1331 1094,1342 1035,1334 1003,1358 987,1358 974,1346 955,1358 931,1342 906,1341 874,1347 840,1374 814,1361 802,1365 779,1342 760,1335 738,1342 685,1339 678,1346 651,1339 627,1350 607,1341 586,1342 578,1350 567,1342 534,1342 502,1362 455,1342 433,1342 398,1357 390,1349 378,1353 355,1346 343,1354 301,1346 278,1354 263,1350 238,1362 225,1350 205,1358 167,1358 152,1369 141,1362"/>
            </Shape>
            <String ID="line_23e8f348-b6e3-4e16-957d-9244d3896f4a-dummy-Word" HEIGHT="144" WIDTH="1883" HPOS="141" VPOS="1230" CONTENT="naar en komt nooit uit zyne namer, het is my evenwel deze morgen">
              <Shape>
                <Polygon POINTS="141,1326 174,1309 205,1321 224,1314 235,1325 276,1317 297,1298 317,1305 338,1286 396,1289 407,1282 443,1302 474,1297 493,1282 586,1298 607,1278 638,1289 649,1278 671,1286 695,1274 714,1286 748,1289 767,1274 802,1286 824,1273 872,1298 891,1295 930,1309 988,1266 1016,1282 1039,1269 1071,1281 1116,1281 1139,1277 1154,1262 1191,1261 1216,1273 1242,1258 1271,1282 1292,1282 1327,1258 1400,1286 1444,1265 1463,1274 1480,1265 1487,1271 1510,1253 1535,1259 1547,1253 1565,1257 1574,1249 1585,1258 1595,1249 1630,1254 1646,1238 1655,1245 1670,1238 1689,1253 1736,1234 1781,1257 1839,1230 1858,1245 1871,1241 1893,1253 1923,1246 1965,1258 1995,1246 2017,1260 2024,1252 2024,1293 2015,1288 1958,1323 1946,1322 1914,1295 1898,1295 1880,1310 1858,1310 1840,1326 1800,1326 1784,1318 1763,1335 1742,1334 1733,1326 1723,1334 1695,1334 1677,1318 1636,1323 1602,1310 1561,1318 1510,1350 1470,1334 1458,1342 1435,1326 1419,1326 1372,1362 1329,1330 1267,1331 1246,1342 1217,1342 1209,1350 1195,1349 1184,1338 1135,1342 1121,1331 1094,1342 1035,1334 1003,1358 987,1358 974,1346 955,1358 931,1342 906,1341 874,1347 840,1374 814,1361 802,1365 779,1342 760,1335 738,1342 685,1339 678,1346 651,1339 627,1350 607,1341 586,1342 578,1350 567,1342 534,1342 502,1362 455,1342 433,1342 398,1357 390,1349 378,1353 355,1346 343,1354 301,1346 278,1354 263,1350 238,1362 225,1350 205,1358 167,1358 152,1369 141,1362"/>
              </Shape>
            </String>
          </TextLine>
          <TextLine ID="line_05131041-3584-4624-8114-2318c54ecf13" HEIGHT="168" WIDTH="1865" HPOS="140" VPOS="1293" STYLEREFS="textstyle-None---sans-serif---proportional---None---None---None">
            <Shape>
              <Polygon POINTS="140,1357 169,1377 181,1377 201,1357 221,1352 242,1364 261,1350 334,1349 342,1356 350,1348 382,1345 401,1355 460,1345 470,1352 477,1348 489,1360 513,1361 542,1341 582,1348 608,1337 631,1345 657,1337 677,1345 687,1337 696,1343 714,1337 738,1344 760,1333 780,1340 811,1368 828,1365 844,1373 868,1349 903,1340 953,1353 974,1347 992,1364 1035,1333 1067,1341 1087,1329 1112,1335 1123,1329 1140,1341 1157,1340 1169,1329 1197,1348 1213,1349 1248,1332 1320,1328 1344,1348 1362,1337 1386,1356 1404,1344 1415,1349 1427,1341 1454,1348 1490,1320 1506,1317 1534,1336 1575,1310 1608,1336 1658,1310 1692,1332 1714,1328 1731,1340 1751,1329 1762,1336 1784,1317 1802,1325 1840,1325 1848,1317 1854,1323 1870,1308 1880,1312 1899,1293 1915,1293 1948,1321 1965,1320 1988,1300 2005,1316 2005,1359 1988,1374 1949,1362 1923,1382 1904,1374 1888,1386 1859,1381 1838,1366 1827,1373 1808,1366 1758,1405 1736,1397 1720,1405 1652,1405 1626,1381 1608,1385 1599,1378 1584,1390 1527,1385 1476,1405 1456,1405 1439,1389 1405,1402 1377,1401 1361,1389 1344,1398 1321,1390 1296,1405 1264,1391 1256,1397 1248,1390 1225,1397 1132,1394 1097,1405 1079,1421 1069,1413 1037,1421 990,1398 952,1404 927,1398 909,1413 892,1401 876,1401 837,1414 813,1406 786,1429 775,1425 769,1431 749,1412 718,1413 686,1402 647,1416 625,1405 588,1413 545,1409 530,1413 497,1445 447,1421 421,1421 411,1413 395,1413 362,1445 304,1420 294,1424 238,1412 222,1421 207,1417 157,1461 140,1454"/>
            </Shape>
            <String ID="line_05131041-3584-4624-8114-2318c54ecf13-dummy-Word" HEIGHT="168" WIDTH="1865" HPOS="140" VPOS="1293" CONTENT="gelukt zyn Majesteit te zien toen de namerdienaar de deur van het">
              <Shape>
                <Polygon POINTS="140,1357 169,1377 181,1377 201,1357 221,1352 242,1364 261,1350 334,1349 342,1356 350,1348 382,1345 401,1355 460,1345 470,1352 477,1348 489,1360 513,1361 542,1341 582,1348 608,1337 631,1345 657,1337 677,1345 687,1337 696,1343 714,1337 738,1344 760,1333 780,1340 811,1368 828,1365 844,1373 868,1349 903,1340 953,1353 974,1347 992,1364 1035,1333 1067,1341 1087,1329 1112,1335 1123,1329 1140,1341 1157,1340 1169,1329 1197,1348 1213,1349 1248,1332 1320,1328 1344,1348 1362,1337 1386,1356 1404,1344 1415,1349 1427,1341 1454,1348 1490,1320 1506,1317 1534,1336 1575,1310 1608,1336 1658,1310 1692,1332 1714,1328 1731,1340 1751,1329 1762,1336 1784,1317 1802,1325 1840,1325 1848,1317 1854,1323 1870,1308 1880,1312 1899,1293 1915,1293 1948,1321 1965,1320 1988,1300 2005,1316 2005,1359 1988,1374 1949,1362 1923,1382 1904,1374 1888,1386 1859,1381 1838,1366 1827,1373 1808,1366 1758,1405 1736,1397 1720,1405 1652,1405 1626,1381 1608,1385 1599,1378 1584,1390 1527,1385 1476,1405 1456,1405 1439,1389 1405,1402 1377,1401 1361,1389 1344,1398 1321,1390 1296,1405 1264,1391 1256,1397 1248,1390 1225,1397 1132,1394 1097,1405 1079,1421 1069,1413 1037,1421 990,1398 952,1404 927,1398 909,1413 892,1401 876,1401 837,1414 813,1406 786,1429 775,1425 769,1431 749,1412 718,1413 686,1402 647,1416 625,1405 588,1413 545,1409 530,1413 497,1445 447,1421 421,1421 411,1413 395,1413 362,1445 304,1420 294,1424 238,1412 222,1421 207,1417 157,1461 140,1454"/>
              </Shape>
            </String>
          </TextLine>
          <TextLine ID="c90cb0c3-3763-469a-9c0f-f9704c661824" HEIGHT="156" WIDTH="1874" HPOS="144" VPOS="1366" STYLEREFS="textstyle-None---sans-serif---proportional---None---None---None">
            <Shape>
              <Polygon POINTS="144,1466 184,1435 207,1435 237,1411 302,1415 317,1430 328,1423 363,1446 398,1411 433,1415 496,1447 529,1415 550,1406 562,1414 586,1414 601,1427 633,1414 672,1411 681,1403 729,1403 741,1411 758,1403 792,1422 810,1408 837,1414 845,1407 866,1419 891,1406 907,1418 936,1414 956,1430 976,1422 999,1430 1032,1415 1043,1422 1105,1395 1121,1400 1141,1391 1173,1410 1198,1391 1220,1397 1229,1391 1286,1391 1297,1402 1308,1391 1348,1399 1357,1390 1380,1403 1405,1403 1424,1387 1448,1402 1468,1399 1484,1406 1495,1395 1501,1399 1534,1382 1561,1395 1603,1379 1620,1394 1658,1395 1705,1414 1748,1378 1783,1382 1798,1367 1823,1374 1840,1367 1881,1390 1923,1366 1932,1373 1942,1367 1963,1370 1998,1391 2011,1382 2018,1386 2018,1429 2001,1444 1987,1433 1968,1436 1952,1428 1937,1443 1928,1435 1914,1443 1902,1432 1889,1432 1833,1459 1799,1460 1779,1471 1733,1442 1705,1459 1680,1443 1666,1443 1609,1487 1537,1451 1508,1467 1491,1459 1476,1463 1453,1479 1402,1452 1380,1452 1351,1479 1343,1475 1322,1487 1302,1487 1293,1479 1278,1483 1261,1474 1244,1485 1200,1487 1188,1478 1158,1475 1135,1494 1093,1464 1073,1470 1064,1464 1029,1495 1002,1499 981,1514 962,1510 925,1473 886,1483 870,1468 831,1472 824,1479 816,1472 794,1479 751,1472 729,1490 707,1472 690,1472 649,1498 638,1487 619,1491 586,1479 550,1487 528,1507 500,1483 447,1522 409,1494 381,1491 367,1499 350,1485 331,1483 306,1495 284,1479 221,1485 210,1496 186,1487 178,1495 163,1487 154,1495 144,1491"/>
            </Shape>
            <String ID="c90cb0c3-3763-469a-9c0f-f9704c661824-dummy-Word" HEIGHT="156" WIDTH="1874" HPOS="144" VPOS="1366" CONTENT="vertrek half open liet en ik my onbeleefd genoeg, hetgeen echter der">
              <Shape>
                <Polygon POINTS="144,1466 184,1435 207,1435 237,1411 302,1415 317,1430 328,1423 363,1446 398,1411 433,1415 496,1447 529,1415 550,1406 562,1414 586,1414 601,1427 633,1414 672,1411 681,1403 729,1403 741,1411 758,1403 792,1422 810,1408 837,1414 845,1407 866,1419 891,1406 907,1418 936,1414 956,1430 976,1422 999,1430 1032,1415 1043,1422 1105,1395 1121,1400 1141,1391 1173,1410 1198,1391 1220,1397 1229,1391 1286,1391 1297,1402 1308,1391 1348,1399 1357,1390 1380,1403 1405,1403 1424,1387 1448,1402 1468,1399 1484,1406 1495,1395 1501,1399 1534,1382 1561,1395 1603,1379 1620,1394 1658,1395 1705,1414 1748,1378 1783,1382 1798,1367 1823,1374 1840,1367 1881,1390 1923,1366 1932,1373 1942,1367 1963,1370 1998,1391 2011,1382 2018,1386 2018,1429 2001,1444 1987,1433 1968,1436 1952,1428 1937,1443 1928,1435 1914,1443 1902,1432 1889,1432 1833,1459 1799,1460 1779,1471 1733,1442 1705,1459 1680,1443 1666,1443 1609,1487 1537,1451 1508,1467 1491,1459 1476,1463 1453,1479 1402,1452 1380,1452 1351,1479 1343,1475 1322,1487 1302,1487 1293,1479 1278,1483 1261,1474 1244,1485 1200,1487 1188,1478 1158,1475 1135,1494 1093,1464 1073,1470 1064,1464 1029,1495 1002,1499 981,1514 962,1510 925,1473 886,1483 870,1468 831,1472 824,1479 816,1472 794,1479 751,1472 729,1490 707,1472 690,1472 649,1498 638,1487 619,1491 586,1479 550,1487 528,1507 500,1483 447,1522 409,1494 381,1491 367,1499 350,1485 331,1483 306,1495 284,1479 221,1485 210,1496 186,1487 178,1495 163,1487 154,1495 144,1491"/>
              </Shape>
            </String>
          </TextLine>
          <TextLine ID="line_40bbac6f-b624-42a9-8ec2-a51a2d79651e" HEIGHT="148" WIDTH="1886" HPOS="139" VPOS="1432" STYLEREFS="textstyle-None---sans-serif---proportional---None---None---None">
            <Shape>
              <Polygon POINTS="139,1495 181,1496 188,1490 209,1496 220,1485 237,1484 265,1511 276,1501 300,1500 332,1484 349,1486 369,1503 408,1494 448,1520 499,1484 526,1508 557,1480 575,1484 583,1476 617,1476 627,1483 647,1472 705,1472 733,1488 750,1472 764,1478 770,1472 835,1470 875,1492 916,1475 962,1508 983,1510 1006,1508 1035,1484 1084,1463 1129,1492 1162,1475 1186,1488 1247,1484 1264,1492 1288,1476 1302,1487 1323,1487 1340,1476 1348,1480 1378,1453 1397,1452 1460,1476 1488,1460 1512,1464 1548,1451 1605,1487 1656,1445 1683,1441 1699,1452 1717,1437 1752,1460 1779,1452 1820,1469 1841,1452 1861,1452 1888,1433 1916,1441 1933,1432 1948,1440 1984,1433 2012,1460 2025,1457 2025,1499 2011,1513 1983,1505 1969,1509 1952,1498 1942,1505 1932,1498 1908,1501 1886,1521 1861,1505 1843,1509 1827,1502 1812,1508 1803,1502 1751,1513 1737,1525 1708,1525 1696,1537 1663,1513 1631,1513 1619,1525 1581,1529 1567,1541 1537,1529 1487,1541 1470,1531 1435,1536 1419,1522 1398,1525 1375,1544 1356,1537 1313,1567 1278,1537 1227,1525 1204,1525 1161,1544 1150,1544 1138,1532 1117,1541 1107,1532 1040,1529 1021,1540 1011,1536 991,1552 959,1549 951,1555 926,1536 904,1545 863,1533 832,1564 812,1573 767,1561 745,1564 707,1541 676,1548 669,1541 645,1540 624,1553 609,1552 593,1537 542,1548 533,1541 507,1541 493,1549 483,1541 455,1560 430,1541 410,1540 384,1556 365,1549 331,1580 305,1572 285,1555 264,1552 249,1560 225,1541 173,1541 158,1556 139,1548"/>
            </Shape>
            <String ID="line_40bbac6f-b624-42a9-8ec2-a51a2d79651e-dummy-Word" HEIGHT="148" WIDTH="1886" HPOS="139" VPOS="1432" CONTENT="nieuwsgeerigheid is toetegeven, daar voorplaatste. D. M. is tame">
              <Shape>
                <Polygon POINTS="139,1495 181,1496 188,1490 209,1496 220,1485 237,1484 265,1511 276,1501 300,1500 332,1484 349,1486 369,1503 408,1494 448,1520 499,1484 526,1508 557,1480 575,1484 583,1476 617,1476 627,1483 647,1472 705,1472 733,1488 750,1472 764,1478 770,1472 835,1470 875,1492 916,1475 962,1508 983,1510 1006,1508 1035,1484 1084,1463 1129,1492 1162,1475 1186,1488 1247,1484 1264,1492 1288,1476 1302,1487 1323,1487 1340,1476 1348,1480 1378,1453 1397,1452 1460,1476 1488,1460 1512,1464 1548,1451 1605,1487 1656,1445 1683,1441 1699,1452 1717,1437 1752,1460 1779,1452 1820,1469 1841,1452 1861,1452 1888,1433 1916,1441 1933,1432 1948,1440 1984,1433 2012,1460 2025,1457 2025,1499 2011,1513 1983,1505 1969,1509 1952,1498 1942,1505 1932,1498 1908,1501 1886,1521 1861,1505 1843,1509 1827,1502 1812,1508 1803,1502 1751,1513 1737,1525 1708,1525 1696,1537 1663,1513 1631,1513 1619,1525 1581,1529 1567,1541 1537,1529 1487,1541 1470,1531 1435,1536 1419,1522 1398,1525 1375,1544 1356,1537 1313,1567 1278,1537 1227,1525 1204,1525 1161,1544 1150,1544 1138,1532 1117,1541 1107,1532 1040,1529 1021,1540 1011,1536 991,1552 959,1549 951,1555 926,1536 904,1545 863,1533 832,1564 812,1573 767,1561 745,1564 707,1541 676,1548 669,1541 645,1540 624,1553 609,1552 593,1537 542,1548 533,1541 507,1541 493,1549 483,1541 455,1560 430,1541 410,1540 384,1556 365,1549 331,1580 305,1572 285,1555 264,1552 249,1560 225,1541 173,1541 158,1556 139,1548"/>
              </Shape>
            </String>
          </TextLine>
          <TextLine ID="line_5ecee2b1-ef99-488f-8607-06fe591b9de0" HEIGHT="147" WIDTH="1886" HPOS="145" VPOS="1498" STYLEREFS="textstyle-None---sans-serif---proportional---None---None---None">
            <Shape>
              <Polygon POINTS="145,1540 151,1534 159,1542 224,1541 232,1549 253,1539 303,1573 329,1581 362,1550 388,1551 411,1538 431,1542 456,1565 481,1542 560,1542 571,1553 618,1553 649,1534 678,1548 710,1541 745,1565 811,1574 862,1534 904,1545 930,1537 948,1553 963,1554 1038,1530 1079,1530 1101,1548 1127,1538 1145,1544 1168,1526 1198,1534 1208,1526 1243,1526 1251,1534 1263,1529 1310,1562 1416,1521 1455,1525 1485,1541 1531,1529 1565,1542 1578,1530 1629,1526 1653,1510 1700,1537 1712,1526 1742,1525 1758,1510 1784,1509 1791,1502 1861,1505 1875,1517 1882,1510 1892,1516 1907,1501 1936,1498 1974,1510 1984,1502 2022,1524 2031,1518 2031,1560 2017,1574 2001,1562 1967,1559 1952,1570 1942,1567 1900,1601 1886,1602 1857,1583 1841,1590 1822,1571 1813,1575 1805,1568 1781,1581 1741,1583 1703,1567 1678,1576 1648,1571 1627,1582 1572,1575 1553,1590 1534,1590 1501,1608 1475,1610 1453,1602 1439,1614 1431,1606 1414,1606 1392,1626 1330,1582 1278,1583 1270,1590 1208,1587 1157,1606 1106,1606 1082,1591 1023,1591 994,1604 980,1595 963,1606 950,1595 935,1602 923,1598 915,1606 890,1595 860,1606 836,1598 807,1614 789,1613 776,1602 759,1618 743,1610 717,1618 705,1610 682,1614 653,1605 617,1622 591,1606 559,1622 549,1614 516,1622 494,1606 476,1606 459,1618 447,1607 399,1615 386,1606 365,1606 322,1645 298,1631 292,1637 265,1633 233,1614 220,1614 183,1641 160,1618 151,1622 145,1616"/>
            </Shape>
            <String ID="line_5ecee2b1-ef99-488f-8607-06fe591b9de0-dummy-Word" HEIGHT="147" WIDTH="1886" HPOS="145" VPOS="1498" CONTENT="lyk corpulent, ziet er niet kwaad uit en is jonger dan ik my had">
              <Shape>
                <Polygon POINTS="145,1540 151,1534 159,1542 224,1541 232,1549 253,1539 303,1573 329,1581 362,1550 388,1551 411,1538 431,1542 456,1565 481,1542 560,1542 571,1553 618,1553 649,1534 678,1548 710,1541 745,1565 811,1574 862,1534 904,1545 930,1537 948,1553 963,1554 1038,1530 1079,1530 1101,1548 1127,1538 1145,1544 1168,1526 1198,1534 1208,1526 1243,1526 1251,1534 1263,1529 1310,1562 1416,1521 1455,1525 1485,1541 1531,1529 1565,1542 1578,1530 1629,1526 1653,1510 1700,1537 1712,1526 1742,1525 1758,1510 1784,1509 1791,1502 1861,1505 1875,1517 1882,1510 1892,1516 1907,1501 1936,1498 1974,1510 1984,1502 2022,1524 2031,1518 2031,1560 2017,1574 2001,1562 1967,1559 1952,1570 1942,1567 1900,1601 1886,1602 1857,1583 1841,1590 1822,1571 1813,1575 1805,1568 1781,1581 1741,1583 1703,1567 1678,1576 1648,1571 1627,1582 1572,1575 1553,1590 1534,1590 1501,1608 1475,1610 1453,1602 1439,1614 1431,1606 1414,1606 1392,1626 1330,1582 1278,1583 1270,1590 1208,1587 1157,1606 1106,1606 1082,1591 1023,1591 994,1604 980,1595 963,1606 950,1595 935,1602 923,1598 915,1606 890,1595 860,1606 836,1598 807,1614 789,1613 776,1602 759,1618 743,1610 717,1618 705,1610 682,1614 653,1605 617,1622 591,1606 559,1622 549,1614 516,1622 494,1606 476,1606 459,1618 447,1607 399,1615 386,1606 365,1606 322,1645 298,1631 292,1637 265,1633 233,1614 220,1614 183,1641 160,1618 151,1622 145,1616"/>
              </Shape>
            </String>
          </TextLine>
          <TextLine ID="fec758a6-6ba9-4ce5-a646-9325608a7181" HEIGHT="149" WIDTH="1888" HPOS="143" VPOS="1559" STYLEREFS="textstyle-None---sans-serif---proportional---None---None---None">
            <Shape>
              <Polygon POINTS="143,1659 151,1660 175,1637 190,1641 223,1614 236,1613 264,1633 303,1633 323,1645 379,1606 400,1617 420,1606 444,1606 456,1614 496,1606 520,1622 548,1610 581,1609 616,1622 652,1603 682,1614 705,1609 723,1619 775,1605 806,1614 840,1597 861,1606 877,1594 910,1605 950,1594 964,1605 1006,1601 1019,1590 1050,1590 1078,1606 1096,1598 1108,1606 1136,1605 1143,1598 1161,1605 1208,1586 1252,1590 1333,1582 1392,1629 1415,1606 1431,1605 1440,1614 1454,1602 1502,1608 1534,1590 1553,1590 1573,1575 1587,1575 1598,1585 1606,1578 1628,1582 1648,1571 1678,1576 1715,1567 1742,1583 1751,1574 1766,1583 1805,1568 1811,1574 1822,1570 1842,1590 1857,1583 1886,1602 1900,1601 1942,1567 1989,1559 2031,1583 2031,1626 2010,1646 1992,1633 1981,1644 1966,1637 1949,1654 1933,1639 1929,1643 1914,1629 1902,1629 1865,1664 1834,1649 1822,1652 1791,1633 1770,1640 1720,1636 1708,1645 1692,1636 1673,1637 1646,1661 1605,1660 1593,1668 1575,1652 1526,1663 1510,1657 1501,1664 1442,1645 1398,1645 1383,1657 1359,1656 1341,1645 1291,1645 1263,1657 1230,1649 1199,1669 1187,1669 1166,1653 1143,1660 1123,1653 1091,1661 1072,1676 1039,1676 1020,1657 994,1677 981,1680 970,1673 958,1684 921,1668 890,1676 875,1661 806,1673 788,1662 762,1685 740,1689 725,1701 680,1662 658,1672 640,1665 613,1685 592,1671 577,1673 537,1693 524,1684 511,1688 495,1672 453,1692 416,1687 400,1672 368,1673 336,1692 324,1680 300,1684 276,1702 254,1701 226,1677 213,1685 196,1677 177,1681 143,1708"/>
            </Shape>
            <String ID="fec758a6-6ba9-4ce5-a646-9325608a7181-dummy-Word" HEIGHT="149" WIDTH="1888" HPOS="143" VPOS="1559" CONTENT="voorgesteldt: men regt dat hij thans te staaan is om zoo mogelik">
              <Shape>
                <Polygon POINTS="143,1659 151,1660 175,1637 190,1641 223,1614 236,1613 264,1633 303,1633 323,1645 379,1606 400,1617 420,1606 444,1606 456,1614 496,1606 520,1622 548,1610 581,1609 616,1622 652,1603 682,1614 705,1609 723,1619 775,1605 806,1614 840,1597 861,1606 877,1594 910,1605 950,1594 964,1605 1006,1601 1019,1590 1050,1590 1078,1606 1096,1598 1108,1606 1136,1605 1143,1598 1161,1605 1208,1586 1252,1590 1333,1582 1392,1629 1415,1606 1431,1605 1440,1614 1454,1602 1502,1608 1534,1590 1553,1590 1573,1575 1587,1575 1598,1585 1606,1578 1628,1582 1648,1571 1678,1576 1715,1567 1742,1583 1751,1574 1766,1583 1805,1568 1811,1574 1822,1570 1842,1590 1857,1583 1886,1602 1900,1601 1942,1567 1989,1559 2031,1583 2031,1626 2010,1646 1992,1633 1981,1644 1966,1637 1949,1654 1933,1639 1929,1643 1914,1629 1902,1629 1865,1664 1834,1649 1822,1652 1791,1633 1770,1640 1720,1636 1708,1645 1692,1636 1673,1637 1646,1661 1605,1660 1593,1668 1575,1652 1526,1663 1510,1657 1501,1664 1442,1645 1398,1645 1383,1657 1359,1656 1341,1645 1291,1645 1263,1657 1230,1649 1199,1669 1187,1669 1166,1653 1143,1660 1123,1653 1091,1661 1072,1676 1039,1676 1020,1657 994,1677 981,1680 970,1673 958,1684 921,1668 890,1676 875,1661 806,1673 788,1662 762,1685 740,1689 725,1701 680,1662 658,1672 640,1665 613,1685 592,1671 577,1673 537,1693 524,1684 511,1688 495,1672 453,1692 416,1687 400,1672 368,1673 336,1692 324,1680 300,1684 276,1702 254,1701 226,1677 213,1685 196,1677 177,1681 143,1708"/>
              </Shape>
            </String>
          </TextLine>
          <TextLine ID="line_7da6fc93-e2aa-4499-b811-4af9c977943d" HEIGHT="147" WIDTH="1845" HPOS="148" VPOS="1629" STYLEREFS="textstyle-None---sans-serif---proportional---None---None---None">
            <Shape>
              <Polygon POINTS="148,1702 182,1680 198,1680 244,1704 274,1704 302,1684 368,1673 401,1681 444,1672 470,1688 495,1672 511,1688 526,1684 544,1696 565,1677 583,1672 613,1685 641,1665 660,1672 683,1665 727,1700 764,1685 788,1664 804,1673 828,1667 837,1672 853,1661 891,1661 902,1672 921,1668 960,1682 973,1672 996,1685 1020,1668 1035,1680 1069,1676 1124,1653 1143,1661 1166,1653 1194,1672 1219,1649 1271,1660 1289,1645 1342,1645 1361,1656 1385,1657 1404,1641 1453,1641 1499,1668 1528,1672 1545,1661 1563,1673 1572,1667 1606,1672 1616,1664 1647,1661 1681,1633 1708,1646 1719,1636 1755,1634 1764,1640 1790,1633 1819,1641 1831,1634 1861,1664 1904,1629 1927,1633 1948,1653 1968,1637 1993,1645 1991,1690 1917,1710 1900,1725 1881,1722 1870,1733 1859,1726 1828,1733 1774,1775 1744,1755 1695,1771 1677,1760 1638,1760 1613,1772 1560,1771 1499,1733 1483,1743 1462,1726 1449,1733 1433,1721 1400,1718 1392,1710 1354,1733 1321,1741 1274,1745 1216,1729 1194,1749 1176,1746 1156,1764 1131,1764 1117,1775 1022,1733 1012,1733 985,1758 947,1741 927,1752 913,1741 885,1745 866,1737 851,1749 837,1739 827,1744 784,1730 761,1736 740,1729 699,1741 679,1741 665,1730 620,1730 592,1748 573,1733 522,1737 481,1772 442,1737 432,1737 424,1745 385,1741 342,1776 286,1745 245,1767 205,1762 194,1772 175,1755 148,1776"/>
            </Shape>
            <String ID="line_7da6fc93-e2aa-4499-b811-4af9c977943d-dummy-Word" HEIGHT="147" WIDTH="1845" HPOS="148" VPOS="1629" CONTENT="zyne regten op de Zweedsche troon bij de bonds vergadering te">
              <Shape>
                <Polygon POINTS="148,1702 182,1680 198,1680 244,1704 274,1704 302,1684 368,1673 401,1681 444,1672 470,1688 495,1672 511,1688 526,1684 544,1696 565,1677 583,1672 613,1685 641,1665 660,1672 683,1665 727,1700 764,1685 788,1664 804,1673 828,1667 837,1672 853,1661 891,1661 902,1672 921,1668 960,1682 973,1672 996,1685 1020,1668 1035,1680 1069,1676 1124,1653 1143,1661 1166,1653 1194,1672 1219,1649 1271,1660 1289,1645 1342,1645 1361,1656 1385,1657 1404,1641 1453,1641 1499,1668 1528,1672 1545,1661 1563,1673 1572,1667 1606,1672 1616,1664 1647,1661 1681,1633 1708,1646 1719,1636 1755,1634 1764,1640 1790,1633 1819,1641 1831,1634 1861,1664 1904,1629 1927,1633 1948,1653 1968,1637 1993,1645 1991,1690 1917,1710 1900,1725 1881,1722 1870,1733 1859,1726 1828,1733 1774,1775 1744,1755 1695,1771 1677,1760 1638,1760 1613,1772 1560,1771 1499,1733 1483,1743 1462,1726 1449,1733 1433,1721 1400,1718 1392,1710 1354,1733 1321,1741 1274,1745 1216,1729 1194,1749 1176,1746 1156,1764 1131,1764 1117,1775 1022,1733 1012,1733 985,1758 947,1741 927,1752 913,1741 885,1745 866,1737 851,1749 837,1739 827,1744 784,1730 761,1736 740,1729 699,1741 679,1741 665,1730 620,1730 592,1748 573,1733 522,1737 481,1772 442,1737 432,1737 424,1745 385,1741 342,1776 286,1745 245,1767 205,1762 194,1772 175,1755 148,1776"/>
              </Shape>
            </String>
          </TextLine>
          <TextLine ID="f0ebcea5-f701-4aa2-8dd4-1247a0d7e0c4" HEIGHT="124" WIDTH="728" HPOS="145" VPOS="1714" STYLEREFS="textstyle-None---sans-serif---proportional---None---None---None">
            <Shape>
              <Polygon POINTS="145,1714 211,1763 240,1767 277,1740 293,1746 344,1738 354,1747 366,1737 377,1747 384,1740 424,1744 440,1736 481,1772 516,1740 527,1748 541,1746 555,1733 572,1733 593,1749 603,1740 645,1748 663,1732 696,1743 717,1729 775,1729 812,1743 826,1743 840,1732 873,1749 873,1791 864,1786 847,1798 806,1795 788,1802 778,1795 735,1807 678,1807 652,1830 637,1830 601,1805 585,1815 559,1807 536,1819 509,1811 467,1834 433,1814 398,1831 382,1821 360,1823 347,1811 334,1822 314,1818 289,1838 234,1804 218,1808 208,1799 198,1806 168,1802 159,1811 145,1809"/>
            </Shape>
            <String ID="f0ebcea5-f701-4aa2-8dd4-1247a0d7e0c4-dummy-Word" HEIGHT="124" WIDTH="728" HPOS="145" VPOS="1714" CONTENT="Transfort te doen gelden.">
              <Shape>
                <Polygon POINTS="145,1714 211,1763 240,1767 277,1740 293,1746 344,1738 354,1747 366,1737 377,1747 384,1740 424,1744 440,1736 481,1772 516,1740 527,1748 541,1746 555,1733 572,1733 593,1749 603,1740 645,1748 663,1732 696,1743 717,1729 775,1729 812,1743 826,1743 840,1732 873,1749 873,1791 864,1786 847,1798 806,1795 788,1802 778,1795 735,1807 678,1807 652,1830 637,1830 601,1805 585,1815 559,1807 536,1819 509,1811 467,1834 433,1814 398,1831 382,1821 360,1823 347,1811 334,1822 314,1818 289,1838 234,1804 218,1808 208,1799 198,1806 168,1802 159,1811 145,1809"/>
              </Shape>
            </String>
          </TextLine>
          <TextLine ID="line_2daeb32c-4370-4a85-b8e7-7fe2243cd241" HEIGHT="156" WIDTH="1882" HPOS="146" VPOS="1756" STYLEREFS="textstyle-None---sans-serif---proportional---None---None---None">
            <Shape>
              <Polygon POINTS="146,1808 155,1799 174,1806 211,1802 248,1830 267,1824 291,1838 348,1811 375,1811 399,1831 435,1814 468,1835 493,1815 499,1819 516,1810 527,1819 560,1823 578,1816 583,1821 606,1806 622,1822 647,1831 677,1807 735,1807 752,1799 788,1803 806,1795 827,1797 842,1811 853,1803 889,1822 904,1811 918,1815 942,1803 975,1816 988,1807 1014,1810 1043,1795 1069,1806 1130,1764 1207,1785 1238,1786 1265,1764 1276,1775 1290,1771 1342,1807 1362,1803 1391,1819 1453,1791 1476,1806 1493,1791 1501,1795 1551,1772 1575,1791 1603,1795 1615,1806 1647,1789 1665,1799 1696,1768 1729,1756 1752,1775 1777,1775 1823,1797 1846,1790 1858,1795 1870,1787 1899,1788 1923,1799 1950,1784 1978,1791 1991,1782 2020,1803 2028,1797 2028,1839 2021,1846 1999,1854 1978,1853 1967,1842 1888,1846 1844,1877 1804,1846 1782,1846 1752,1861 1696,1850 1672,1862 1653,1850 1612,1877 1590,1860 1547,1854 1515,1872 1454,1858 1413,1858 1365,1870 1301,1862 1285,1873 1221,1869 1203,1877 1188,1869 1156,1869 1127,1889 1094,1866 1059,1869 1030,1886 992,1866 929,1869 921,1877 910,1869 867,1870 859,1877 850,1870 745,1870 738,1877 724,1874 711,1886 704,1882 676,1902 628,1870 615,1876 609,1870 557,1870 549,1878 508,1870 472,1906 457,1909 411,1901 369,1874 358,1882 271,1874 246,1893 230,1882 216,1890 190,1878 146,1912"/>
            </Shape>
            <String ID="line_2daeb32c-4370-4a85-b8e7-7fe2243cd241-dummy-Word" HEIGHT="156" WIDTH="1882" HPOS="146" VPOS="1756" CONTENT="Deezen morgen uitgaande was ons eerste werk onzen land genoot">
              <Shape>
                <Polygon POINTS="146,1808 155,1799 174,1806 211,1802 248,1830 267,1824 291,1838 348,1811 375,1811 399,1831 435,1814 468,1835 493,1815 499,1819 516,1810 527,1819 560,1823 578,1816 583,1821 606,1806 622,1822 647,1831 677,1807 735,1807 752,1799 788,1803 806,1795 827,1797 842,1811 853,1803 889,1822 904,1811 918,1815 942,1803 975,1816 988,1807 1014,1810 1043,1795 1069,1806 1130,1764 1207,1785 1238,1786 1265,1764 1276,1775 1290,1771 1342,1807 1362,1803 1391,1819 1453,1791 1476,1806 1493,1791 1501,1795 1551,1772 1575,1791 1603,1795 1615,1806 1647,1789 1665,1799 1696,1768 1729,1756 1752,1775 1777,1775 1823,1797 1846,1790 1858,1795 1870,1787 1899,1788 1923,1799 1950,1784 1978,1791 1991,1782 2020,1803 2028,1797 2028,1839 2021,1846 1999,1854 1978,1853 1967,1842 1888,1846 1844,1877 1804,1846 1782,1846 1752,1861 1696,1850 1672,1862 1653,1850 1612,1877 1590,1860 1547,1854 1515,1872 1454,1858 1413,1858 1365,1870 1301,1862 1285,1873 1221,1869 1203,1877 1188,1869 1156,1869 1127,1889 1094,1866 1059,1869 1030,1886 992,1866 929,1869 921,1877 910,1869 867,1870 859,1877 850,1870 745,1870 738,1877 724,1874 711,1886 704,1882 676,1902 628,1870 615,1876 609,1870 557,1870 549,1878 508,1870 472,1906 457,1909 411,1901 369,1874 358,1882 271,1874 246,1893 230,1882 216,1890 190,1878 146,1912"/>
              </Shape>
            </String>
          </TextLine>
          <TextLine ID="line_8028690c-1a2e-4c2c-b2e4-51b0dab3027a" HEIGHT="141" WIDTH="1881" HPOS="147" VPOS="1842" STYLEREFS="textstyle-None---sans-serif---proportional---None---None---None">
            <Shape>
              <Polygon POINTS="147,1912 198,1873 224,1873 243,1892 272,1874 317,1873 359,1884 380,1873 441,1892 466,1912 509,1869 530,1869 537,1876 545,1869 627,1869 682,1904 711,1877 739,1876 746,1869 780,1869 787,1876 794,1869 853,1869 859,1875 885,1869 911,1879 928,1869 1001,1869 1037,1885 1056,1869 1095,1866 1114,1874 1136,1865 1151,1871 1174,1866 1194,1877 1222,1869 1235,1877 1247,1866 1269,1872 1286,1861 1338,1861 1363,1872 1413,1857 1480,1864 1494,1857 1514,1872 1540,1868 1563,1877 1584,1861 1600,1861 1616,1873 1639,1857 1659,1854 1675,1862 1699,1850 1731,1873 1763,1850 1793,1852 1801,1846 1844,1876 1876,1853 1912,1861 1933,1842 1967,1842 1978,1853 2013,1845 2028,1855 2028,1897 2004,1916 1977,1900 1907,1896 1890,1900 1855,1932 1800,1900 1764,1931 1743,1929 1719,1941 1682,1914 1671,1919 1663,1912 1593,1920 1565,1943 1556,1936 1541,1939 1504,1912 1483,1920 1456,1912 1434,1932 1407,1941 1363,1921 1320,1935 1296,1919 1256,1932 1238,1920 1211,1920 1179,1936 1154,1925 1143,1935 1132,1925 1109,1924 1079,1939 1054,1927 1025,1943 975,1927 935,1943 903,1924 856,1956 809,1936 773,1939 760,1948 722,1931 686,1956 664,1956 648,1945 636,1957 622,1956 588,1932 545,1959 496,1943 417,1956 401,1940 385,1948 362,1939 335,1943 312,1964 284,1956 273,1967 243,1967 228,1953 216,1960 199,1955 164,1980 154,1976 147,1983"/>
            </Shape>
            <String ID="line_8028690c-1a2e-4c2c-b2e4-51b0dab3027a-dummy-Word" HEIGHT="141" WIDTH="1881" HPOS="147" VPOS="1842" CONTENT="den Predicant Potter op te zoeken die ons alle genoegens heeft gedaan">
              <Shape>
                <Polygon POINTS="147,1912 198,1873 224,1873 243,1892 272,1874 317,1873 359,1884 380,1873 441,1892 466,1912 509,1869 530,1869 537,1876 545,1869 627,1869 682,1904 711,1877 739,1876 746,1869 780,1869 787,1876 794,1869 853,1869 859,1875 885,1869 911,1879 928,1869 1001,1869 1037,1885 1056,1869 1095,1866 1114,1874 1136,1865 1151,1871 1174,1866 1194,1877 1222,1869 1235,1877 1247,1866 1269,1872 1286,1861 1338,1861 1363,1872 1413,1857 1480,1864 1494,1857 1514,1872 1540,1868 1563,1877 1584,1861 1600,1861 1616,1873 1639,1857 1659,1854 1675,1862 1699,1850 1731,1873 1763,1850 1793,1852 1801,1846 1844,1876 1876,1853 1912,1861 1933,1842 1967,1842 1978,1853 2013,1845 2028,1855 2028,1897 2004,1916 1977,1900 1907,1896 1890,1900 1855,1932 1800,1900 1764,1931 1743,1929 1719,1941 1682,1914 1671,1919 1663,1912 1593,1920 1565,1943 1556,1936 1541,1939 1504,1912 1483,1920 1456,1912 1434,1932 1407,1941 1363,1921 1320,1935 1296,1919 1256,1932 1238,1920 1211,1920 1179,1936 1154,1925 1143,1935 1132,1925 1109,1924 1079,1939 1054,1927 1025,1943 975,1927 935,1943 903,1924 856,1956 809,1936 773,1939 760,1948 722,1931 686,1956 664,1956 648,1945 636,1957 622,1956 588,1932 545,1959 496,1943 417,1956 401,1940 385,1948 362,1939 335,1943 312,1964 284,1956 273,1967 243,1967 228,1953 216,1960 199,1955 164,1980 154,1976 147,1983"/>
              </Shape>
            </String>
          </TextLine>
          <TextLine ID="line_362bcdd7-5387-467a-8f23-4c62a7985e55" HEIGHT="135" WIDTH="1879" HPOS="145" VPOS="1899" STYLEREFS="textstyle-None---sans-serif---proportional---None---None---None">
            <Shape>
              <Polygon POINTS="145,1993 196,1955 218,1959 228,1953 245,1967 290,1967 298,1959 311,1966 334,1943 354,1935 417,1958 431,1950 455,1954 466,1943 479,1947 492,1939 521,1955 533,1950 544,1958 581,1931 639,1951 649,1942 669,1942 680,1931 711,1927 738,1946 751,1942 761,1950 774,1938 802,1935 815,1942 834,1939 854,1955 897,1927 918,1927 966,1964 994,1943 1010,1948 1036,1942 1059,1923 1138,1930 1153,1923 1180,1934 1213,1919 1225,1926 1236,1919 1243,1926 1286,1930 1306,1919 1361,1941 1394,1934 1410,1946 1463,1911 1492,1926 1514,1911 1547,1941 1570,1937 1594,1921 1618,1939 1659,1914 1682,1914 1723,1939 1742,1927 1763,1931 1793,1903 1807,1903 1862,1934 1901,1899 1926,1918 1954,1899 1977,1899 2013,1923 2024,1911 2024,1952 2007,1968 1986,1960 1955,1991 1930,1987 1908,1971 1838,1985 1811,1979 1782,1991 1743,1964 1710,1964 1703,1971 1689,1964 1668,1979 1637,1969 1619,1983 1610,1979 1596,1987 1577,1968 1558,1984 1538,1972 1489,1975 1469,1995 1441,1995 1422,1976 1340,1976 1329,1987 1309,1991 1276,1987 1260,2003 1235,1995 1219,2003 1207,1991 1183,1984 1156,1984 1141,1994 1131,1984 1096,1999 1072,1999 1055,1987 1002,2023 979,2007 910,2015 892,2003 853,2009 846,2004 829,2019 806,2005 783,2019 746,1998 729,2007 714,1995 657,2011 631,2007 618,1995 599,1995 565,2015 529,1995 483,1995 470,2006 461,1999 441,2011 419,1999 406,2007 391,2003 357,2034 326,2030 318,2022 287,2028 273,2018 241,2023 214,2011 195,2023 171,2022 160,2030 145,2023"/>
            </Shape>
            <String ID="line_362bcdd7-5387-467a-8f23-4c62a7985e55-dummy-Word" HEIGHT="135" WIDTH="1879" HPOS="145" VPOS="1899" CONTENT="ons in zynen uitmunzenden tuin op heerlyke vruchten en een glas schyn">
              <Shape>
                <Polygon POINTS="145,1993 196,1955 218,1959 228,1953 245,1967 290,1967 298,1959 311,1966 334,1943 354,1935 417,1958 431,1950 455,1954 466,1943 479,1947 492,1939 521,1955 533,1950 544,1958 581,1931 639,1951 649,1942 669,1942 680,1931 711,1927 738,1946 751,1942 761,1950 774,1938 802,1935 815,1942 834,1939 854,1955 897,1927 918,1927 966,1964 994,1943 1010,1948 1036,1942 1059,1923 1138,1930 1153,1923 1180,1934 1213,1919 1225,1926 1236,1919 1243,1926 1286,1930 1306,1919 1361,1941 1394,1934 1410,1946 1463,1911 1492,1926 1514,1911 1547,1941 1570,1937 1594,1921 1618,1939 1659,1914 1682,1914 1723,1939 1742,1927 1763,1931 1793,1903 1807,1903 1862,1934 1901,1899 1926,1918 1954,1899 1977,1899 2013,1923 2024,1911 2024,1952 2007,1968 1986,1960 1955,1991 1930,1987 1908,1971 1838,1985 1811,1979 1782,1991 1743,1964 1710,1964 1703,1971 1689,1964 1668,1979 1637,1969 1619,1983 1610,1979 1596,1987 1577,1968 1558,1984 1538,1972 1489,1975 1469,1995 1441,1995 1422,1976 1340,1976 1329,1987 1309,1991 1276,1987 1260,2003 1235,1995 1219,2003 1207,1991 1183,1984 1156,1984 1141,1994 1131,1984 1096,1999 1072,1999 1055,1987 1002,2023 979,2007 910,2015 892,2003 853,2009 846,2004 829,2019 806,2005 783,2019 746,1998 729,2007 714,1995 657,2011 631,2007 618,1995 599,1995 565,2015 529,1995 483,1995 470,2006 461,1999 441,2011 419,1999 406,2007 391,2003 357,2034 326,2030 318,2022 287,2028 273,2018 241,2023 214,2011 195,2023 171,2022 160,2030 145,2023"/>
              </Shape>
            </String>
          </TextLine>
          <TextLine ID="line_56b61def-9e03-4bc2-8017-1e767b05370f" HEIGHT="151" WIDTH="1872" HPOS="142" VPOS="1958" STYLEREFS="textstyle-None---sans-serif---proportional---None---None---None">
            <Shape>
              <Polygon POINTS="142,1993 152,1989 179,2006 197,1998 248,2026 279,2017 323,2025 338,2013 356,2011 370,2021 388,2006 403,2009 415,1998 442,2017 470,1999 500,1997 534,1998 562,2017 583,1997 591,2001 600,1994 616,1994 635,2013 676,2013 693,1998 706,2005 742,1997 771,2017 806,2003 822,2002 835,2013 854,1996 870,2006 902,1998 937,2013 966,2013 978,2003 992,2017 1014,2021 1046,1993 1062,1997 1082,1989 1092,1997 1124,1997 1159,1982 1206,1990 1226,2006 1234,1998 1247,2005 1278,1986 1345,1989 1360,1974 1379,1982 1389,1974 1455,1974 1463,1981 1470,1974 1533,1970 1562,1982 1573,1971 1592,1981 1632,1985 1644,1973 1659,1982 1682,1966 1705,1969 1712,1962 1739,1965 1757,1978 1778,1966 1828,1962 1854,1981 1911,1970 1935,1989 1953,1992 1988,1958 2014,1974 2014,2016 1989,2016 1968,2029 1958,2023 1937,2027 1887,2046 1865,2044 1848,2027 1821,2031 1813,2023 1801,2031 1773,2029 1761,2038 1746,2027 1688,2028 1660,2038 1646,2031 1599,2061 1566,2055 1552,2066 1526,2065 1499,2039 1450,2062 1434,2058 1413,2039 1387,2046 1364,2039 1337,2054 1322,2043 1297,2065 1258,2043 1235,2043 1212,2058 1190,2046 1161,2043 1128,2066 1085,2066 1078,2073 1054,2058 1041,2066 1026,2051 1015,2051 985,2066 968,2062 937,2085 911,2062 877,2054 838,2075 802,2069 781,2078 758,2067 708,2085 674,2082 658,2096 641,2084 625,2093 603,2081 563,2085 538,2070 513,2078 497,2066 437,2066 423,2058 402,2058 384,2070 369,2066 335,2089 308,2062 298,2069 244,2062 207,2096 184,2086 142,2109"/>
            </Shape>
            <String ID="line_56b61def-9e03-4bc2-8017-1e767b05370f-dummy-Word" HEIGHT="151" WIDTH="1872" HPOS="142" VPOS="1958" CONTENT="wyn onthaald heeft en ons gedurende ons verblyf in staaan net">
              <Shape>
                <Polygon POINTS="142,1993 152,1989 179,2006 197,1998 248,2026 279,2017 323,2025 338,2013 356,2011 370,2021 388,2006 403,2009 415,1998 442,2017 470,1999 500,1997 534,1998 562,2017 583,1997 591,2001 600,1994 616,1994 635,2013 676,2013 693,1998 706,2005 742,1997 771,2017 806,2003 822,2002 835,2013 854,1996 870,2006 902,1998 937,2013 966,2013 978,2003 992,2017 1014,2021 1046,1993 1062,1997 1082,1989 1092,1997 1124,1997 1159,1982 1206,1990 1226,2006 1234,1998 1247,2005 1278,1986 1345,1989 1360,1974 1379,1982 1389,1974 1455,1974 1463,1981 1470,1974 1533,1970 1562,1982 1573,1971 1592,1981 1632,1985 1644,1973 1659,1982 1682,1966 1705,1969 1712,1962 1739,1965 1757,1978 1778,1966 1828,1962 1854,1981 1911,1970 1935,1989 1953,1992 1988,1958 2014,1974 2014,2016 1989,2016 1968,2029 1958,2023 1937,2027 1887,2046 1865,2044 1848,2027 1821,2031 1813,2023 1801,2031 1773,2029 1761,2038 1746,2027 1688,2028 1660,2038 1646,2031 1599,2061 1566,2055 1552,2066 1526,2065 1499,2039 1450,2062 1434,2058 1413,2039 1387,2046 1364,2039 1337,2054 1322,2043 1297,2065 1258,2043 1235,2043 1212,2058 1190,2046 1161,2043 1128,2066 1085,2066 1078,2073 1054,2058 1041,2066 1026,2051 1015,2051 985,2066 968,2062 937,2085 911,2062 877,2054 838,2075 802,2069 781,2078 758,2067 708,2085 674,2082 658,2096 641,2084 625,2093 603,2081 563,2085 538,2070 513,2078 497,2066 437,2066 423,2058 402,2058 384,2070 369,2066 335,2089 308,2062 298,2069 244,2062 207,2096 184,2086 142,2109"/>
              </Shape>
            </String>
          </TextLine>
          <TextLine ID="a12bd54a-130b-4c21-9195-8ecb69fe90c3" HEIGHT="143" WIDTH="1899" HPOS="139" VPOS="2023" STYLEREFS="textstyle-None---sans-serif---proportional---None---None---None">
            <Shape>
              <Polygon POINTS="139,2086 161,2074 205,2094 243,2063 274,2078 288,2078 305,2063 339,2090 373,2066 384,2070 402,2059 423,2059 436,2070 471,2062 494,2067 506,2078 535,2070 557,2082 601,2082 625,2090 639,2083 659,2094 692,2063 729,2078 755,2070 784,2078 805,2066 836,2077 878,2054 910,2062 933,2085 969,2062 986,2066 1015,2052 1040,2066 1053,2059 1080,2074 1087,2067 1111,2066 1120,2074 1159,2043 1189,2046 1209,2058 1233,2043 1257,2046 1297,2066 1330,2039 1340,2046 1412,2039 1440,2062 1498,2039 1525,2066 1552,2066 1565,2055 1598,2062 1646,2031 1660,2038 1687,2028 1746,2027 1761,2038 1779,2027 1801,2031 1809,2023 1820,2030 1848,2027 1872,2046 1905,2042 1937,2027 1953,2038 1984,2038 1997,2047 2010,2039 2017,2046 2038,2041 2038,2082 2033,2076 2012,2086 1975,2081 1942,2107 1918,2088 1897,2096 1874,2085 1850,2091 1842,2085 1812,2092 1791,2088 1783,2096 1771,2088 1730,2088 1696,2099 1680,2092 1660,2111 1639,2111 1626,2123 1596,2130 1543,2104 1526,2103 1504,2119 1473,2117 1447,2126 1414,2100 1378,2100 1352,2119 1335,2115 1326,2123 1303,2111 1252,2112 1217,2142 1196,2127 1185,2130 1166,2111 1154,2115 1132,2108 1114,2123 1077,2112 1031,2112 1000,2139 969,2112 959,2119 938,2112 930,2119 902,2116 881,2123 853,2116 811,2143 773,2138 754,2120 691,2120 680,2131 658,2120 641,2126 598,2120 541,2150 513,2142 495,2127 449,2166 436,2166 404,2142 374,2143 349,2124 330,2123 320,2131 311,2123 287,2138 272,2123 263,2131 230,2123 205,2139 181,2123 139,2144"/>
            </Shape>
            <String ID="a12bd54a-130b-4c21-9195-8ecb69fe90c3-dummy-Word" HEIGHT="143" WIDTH="1899" HPOS="139" VPOS="2023" CONTENT="verlaten heeft maar overal met ons heeft rondgedraaft, zoo zagen wi">
              <Shape>
                <Polygon POINTS="139,2086 161,2074 205,2094 243,2063 274,2078 288,2078 305,2063 339,2090 373,2066 384,2070 402,2059 423,2059 436,2070 471,2062 494,2067 506,2078 535,2070 557,2082 601,2082 625,2090 639,2083 659,2094 692,2063 729,2078 755,2070 784,2078 805,2066 836,2077 878,2054 910,2062 933,2085 969,2062 986,2066 1015,2052 1040,2066 1053,2059 1080,2074 1087,2067 1111,2066 1120,2074 1159,2043 1189,2046 1209,2058 1233,2043 1257,2046 1297,2066 1330,2039 1340,2046 1412,2039 1440,2062 1498,2039 1525,2066 1552,2066 1565,2055 1598,2062 1646,2031 1660,2038 1687,2028 1746,2027 1761,2038 1779,2027 1801,2031 1809,2023 1820,2030 1848,2027 1872,2046 1905,2042 1937,2027 1953,2038 1984,2038 1997,2047 2010,2039 2017,2046 2038,2041 2038,2082 2033,2076 2012,2086 1975,2081 1942,2107 1918,2088 1897,2096 1874,2085 1850,2091 1842,2085 1812,2092 1791,2088 1783,2096 1771,2088 1730,2088 1696,2099 1680,2092 1660,2111 1639,2111 1626,2123 1596,2130 1543,2104 1526,2103 1504,2119 1473,2117 1447,2126 1414,2100 1378,2100 1352,2119 1335,2115 1326,2123 1303,2111 1252,2112 1217,2142 1196,2127 1185,2130 1166,2111 1154,2115 1132,2108 1114,2123 1077,2112 1031,2112 1000,2139 969,2112 959,2119 938,2112 930,2119 902,2116 881,2123 853,2116 811,2143 773,2138 754,2120 691,2120 680,2131 658,2120 641,2126 598,2120 541,2150 513,2142 495,2127 449,2166 436,2166 404,2142 374,2143 349,2124 330,2123 320,2131 311,2123 287,2138 272,2123 263,2131 230,2123 205,2139 181,2123 139,2144"/>
              </Shape>
            </String>
          </TextLine>
          <TextLine ID="line_9a2c967f-c945-43ea-b710-58cc10e4ce3c" HEIGHT="141" WIDTH="1844" HPOS="142" VPOS="2087" STYLEREFS="textstyle-None---sans-serif---proportional---None---None---None">
            <Shape>
              <Polygon POINTS="142,2138 168,2136 186,2125 210,2141 239,2122 246,2129 272,2126 303,2145 340,2125 348,2133 372,2134 389,2149 406,2141 446,2168 491,2127 499,2126 527,2149 553,2149 601,2118 747,2118 765,2133 778,2130 793,2141 805,2129 822,2136 858,2114 877,2127 905,2114 962,2118 971,2110 994,2124 1029,2110 1076,2110 1096,2118 1124,2106 1157,2113 1165,2106 1216,2139 1253,2110 1281,2106 1322,2122 1368,2103 1417,2102 1442,2118 1454,2106 1464,2110 1486,2102 1497,2113 1537,2102 1567,2126 1580,2122 1599,2129 1626,2122 1638,2110 1662,2110 1688,2091 1744,2095 1769,2088 1785,2098 1796,2088 1813,2095 1822,2087 1885,2087 1907,2098 1917,2092 1939,2106 1967,2091 1986,2103 1986,2145 1973,2145 1949,2163 1922,2145 1823,2149 1783,2156 1775,2164 1757,2151 1725,2157 1686,2153 1679,2160 1653,2153 1621,2171 1612,2166 1556,2173 1539,2189 1521,2182 1514,2189 1481,2188 1472,2180 1437,2176 1413,2187 1406,2180 1395,2188 1382,2185 1367,2196 1333,2182 1313,2199 1261,2196 1250,2204 1182,2169 1158,2180 1150,2172 1114,2173 1094,2182 1088,2177 1074,2185 1052,2181 1012,2204 969,2188 950,2193 904,2177 889,2189 864,2189 840,2205 815,2204 804,2193 794,2196 770,2185 727,2204 690,2204 671,2212 630,2196 613,2209 583,2185 533,2228 524,2220 491,2217 467,2194 436,2185 400,2188 380,2205 351,2212 308,2189 282,2185 216,2215 195,2204 160,2208 142,2194"/>
            </Shape>
            <String ID="line_9a2c967f-c945-43ea-b710-58cc10e4ce3c-dummy-Word" HEIGHT="141" WIDTH="1844" HPOS="142" VPOS="2087" CONTENT="toch door tusschenkomst van dien Heer de schoone verzameling">
              <Shape>
                <Polygon POINTS="142,2138 168,2136 186,2125 210,2141 239,2122 246,2129 272,2126 303,2145 340,2125 348,2133 372,2134 389,2149 406,2141 446,2168 491,2127 499,2126 527,2149 553,2149 601,2118 747,2118 765,2133 778,2130 793,2141 805,2129 822,2136 858,2114 877,2127 905,2114 962,2118 971,2110 994,2124 1029,2110 1076,2110 1096,2118 1124,2106 1157,2113 1165,2106 1216,2139 1253,2110 1281,2106 1322,2122 1368,2103 1417,2102 1442,2118 1454,2106 1464,2110 1486,2102 1497,2113 1537,2102 1567,2126 1580,2122 1599,2129 1626,2122 1638,2110 1662,2110 1688,2091 1744,2095 1769,2088 1785,2098 1796,2088 1813,2095 1822,2087 1885,2087 1907,2098 1917,2092 1939,2106 1967,2091 1986,2103 1986,2145 1973,2145 1949,2163 1922,2145 1823,2149 1783,2156 1775,2164 1757,2151 1725,2157 1686,2153 1679,2160 1653,2153 1621,2171 1612,2166 1556,2173 1539,2189 1521,2182 1514,2189 1481,2188 1472,2180 1437,2176 1413,2187 1406,2180 1395,2188 1382,2185 1367,2196 1333,2182 1313,2199 1261,2196 1250,2204 1182,2169 1158,2180 1150,2172 1114,2173 1094,2182 1088,2177 1074,2185 1052,2181 1012,2204 969,2188 950,2193 904,2177 889,2189 864,2189 840,2205 815,2204 804,2193 794,2196 770,2185 727,2204 690,2204 671,2212 630,2196 613,2209 583,2185 533,2228 524,2220 491,2217 467,2194 436,2185 400,2188 380,2205 351,2212 308,2189 282,2185 216,2215 195,2204 160,2208 142,2194"/>
              </Shape>
            </String>
          </TextLine>
          <TextLine ID="line_92037d1b-c22e-4f7b-bea0-11ffcc93a018" HEIGHT="139" WIDTH="1833" HPOS="144" VPOS="2147" STYLEREFS="textstyle-None---sans-serif---proportional---None---None---None">
            <Shape>
              <Polygon POINTS="144,2183 157,2182 178,2202 220,2213 244,2198 256,2205 275,2187 296,2187 334,2210 357,2210 380,2194 411,2187 441,2187 470,2198 490,2218 518,2221 530,2230 583,2188 601,2206 613,2206 625,2194 678,2214 686,2206 749,2206 771,2186 785,2194 800,2186 816,2202 844,2208 869,2187 905,2179 945,2198 954,2194 971,2210 1007,2195 1025,2202 1064,2175 1093,2182 1119,2171 1159,2171 1192,2176 1250,2206 1271,2195 1301,2198 1349,2163 1392,2163 1399,2170 1413,2163 1424,2174 1458,2174 1479,2190 1508,2191 1521,2182 1537,2190 1553,2174 1576,2174 1590,2160 1599,2167 1610,2159 1629,2166 1643,2159 1655,2166 1671,2158 1704,2162 1727,2151 1757,2151 1774,2163 1793,2151 1823,2154 1834,2147 1867,2147 1878,2158 1907,2159 1923,2147 1943,2163 1958,2158 1966,2166 1977,2164 1975,2208 1948,2205 1936,2216 1909,2210 1875,2235 1859,2224 1846,2228 1830,2212 1796,2224 1780,2215 1763,2219 1731,2212 1688,2228 1665,2247 1646,2236 1628,2245 1614,2235 1604,2239 1590,2228 1564,2228 1549,2243 1511,2224 1492,2224 1479,2235 1450,2227 1408,2259 1360,2228 1324,2228 1300,2239 1275,2239 1235,2270 1219,2259 1191,2255 1160,2262 1129,2239 1102,2266 1083,2270 1047,2270 1033,2262 1002,2270 957,2251 916,2251 906,2243 886,2244 873,2257 812,2244 784,2266 762,2267 738,2285 721,2274 705,2278 680,2263 667,2270 608,2270 581,2253 559,2255 540,2267 529,2263 493,2286 477,2273 469,2279 430,2270 415,2255 405,2264 393,2254 363,2270 317,2270 309,2263 280,2276 248,2270 222,2282 154,2274 144,2280"/>
            </Shape>
            <String ID="line_92037d1b-c22e-4f7b-bea0-11ffcc93a018-dummy-Word" HEIGHT="139" WIDTH="1833" HPOS="144" VPOS="2147" CONTENT="vogels en zoogdeezen door den overledenen Leijsner nagelaten &amp;">
              <Shape>
                <Polygon POINTS="144,2183 157,2182 178,2202 220,2213 244,2198 256,2205 275,2187 296,2187 334,2210 357,2210 380,2194 411,2187 441,2187 470,2198 490,2218 518,2221 530,2230 583,2188 601,2206 613,2206 625,2194 678,2214 686,2206 749,2206 771,2186 785,2194 800,2186 816,2202 844,2208 869,2187 905,2179 945,2198 954,2194 971,2210 1007,2195 1025,2202 1064,2175 1093,2182 1119,2171 1159,2171 1192,2176 1250,2206 1271,2195 1301,2198 1349,2163 1392,2163 1399,2170 1413,2163 1424,2174 1458,2174 1479,2190 1508,2191 1521,2182 1537,2190 1553,2174 1576,2174 1590,2160 1599,2167 1610,2159 1629,2166 1643,2159 1655,2166 1671,2158 1704,2162 1727,2151 1757,2151 1774,2163 1793,2151 1823,2154 1834,2147 1867,2147 1878,2158 1907,2159 1923,2147 1943,2163 1958,2158 1966,2166 1977,2164 1975,2208 1948,2205 1936,2216 1909,2210 1875,2235 1859,2224 1846,2228 1830,2212 1796,2224 1780,2215 1763,2219 1731,2212 1688,2228 1665,2247 1646,2236 1628,2245 1614,2235 1604,2239 1590,2228 1564,2228 1549,2243 1511,2224 1492,2224 1479,2235 1450,2227 1408,2259 1360,2228 1324,2228 1300,2239 1275,2239 1235,2270 1219,2259 1191,2255 1160,2262 1129,2239 1102,2266 1083,2270 1047,2270 1033,2262 1002,2270 957,2251 916,2251 906,2243 886,2244 873,2257 812,2244 784,2266 762,2267 738,2285 721,2274 705,2278 680,2263 667,2270 608,2270 581,2253 559,2255 540,2267 529,2263 493,2286 477,2273 469,2279 430,2270 415,2255 405,2264 393,2254 363,2270 317,2270 309,2263 280,2276 248,2270 222,2282 154,2274 144,2280"/>
              </Shape>
            </String>
          </TextLine>
          <TextLine ID="line_6395deb2-190b-490d-bc7b-b5b530838188" HEIGHT="138" WIDTH="1896" HPOS="140" VPOS="2205" STYLEREFS="textstyle-None---sans-serif---proportional---None---None---None">
            <Shape>
              <Polygon POINTS="140,2245 147,2241 170,2256 177,2253 210,2284 239,2279 252,2268 274,2276 287,2268 329,2268 335,2274 350,2264 371,2268 389,2256 405,2265 415,2257 431,2272 443,2268 455,2280 477,2271 497,2284 529,2264 548,2268 560,2256 581,2256 611,2272 645,2273 664,2269 696,2245 717,2252 736,2245 759,2268 773,2269 810,2245 873,2259 892,2241 933,2241 945,2253 978,2256 998,2268 1071,2269 1103,2264 1128,2240 1156,2261 1196,2253 1241,2268 1280,2237 1293,2240 1311,2229 1358,2229 1404,2261 1444,2225 1471,2237 1495,2224 1534,2233 1588,2229 1624,2244 1635,2240 1650,2252 1727,2213 1783,2216 1795,2225 1811,2209 1852,2229 1876,2225 1898,2205 1937,2217 1952,2205 1967,2205 2029,2236 2036,2230 2036,2272 2022,2282 1963,2271 1947,2282 1940,2278 1922,2294 1900,2278 1881,2278 1859,2282 1829,2306 1810,2301 1786,2278 1773,2278 1761,2290 1731,2287 1721,2278 1687,2278 1645,2297 1623,2298 1607,2286 1588,2293 1572,2285 1557,2294 1524,2294 1515,2302 1466,2286 1444,2298 1433,2294 1373,2329 1335,2324 1314,2305 1287,2313 1268,2294 1248,2302 1233,2294 1222,2301 1184,2298 1161,2309 1145,2301 1110,2316 1072,2302 1004,2302 964,2339 955,2332 914,2336 881,2313 827,2343 769,2309 741,2324 704,2310 661,2327 645,2316 623,2325 606,2310 582,2310 563,2325 542,2310 517,2310 497,2321 462,2310 432,2316 413,2310 398,2321 386,2310 357,2317 309,2310 268,2317 236,2335 214,2333 206,2341 140,2316"/>
            </Shape>
            <String ID="line_6395deb2-190b-490d-bc7b-b5b530838188-dummy-Word" HEIGHT="138" WIDTH="1896" HPOS="140" VPOS="2205" CONTENT="voor eenige rocken aan den Neuworst van Steesen voor 3660 guldens">
              <Shape>
                <Polygon POINTS="140,2245 147,2241 170,2256 177,2253 210,2284 239,2279 252,2268 274,2276 287,2268 329,2268 335,2274 350,2264 371,2268 389,2256 405,2265 415,2257 431,2272 443,2268 455,2280 477,2271 497,2284 529,2264 548,2268 560,2256 581,2256 611,2272 645,2273 664,2269 696,2245 717,2252 736,2245 759,2268 773,2269 810,2245 873,2259 892,2241 933,2241 945,2253 978,2256 998,2268 1071,2269 1103,2264 1128,2240 1156,2261 1196,2253 1241,2268 1280,2237 1293,2240 1311,2229 1358,2229 1404,2261 1444,2225 1471,2237 1495,2224 1534,2233 1588,2229 1624,2244 1635,2240 1650,2252 1727,2213 1783,2216 1795,2225 1811,2209 1852,2229 1876,2225 1898,2205 1937,2217 1952,2205 1967,2205 2029,2236 2036,2230 2036,2272 2022,2282 1963,2271 1947,2282 1940,2278 1922,2294 1900,2278 1881,2278 1859,2282 1829,2306 1810,2301 1786,2278 1773,2278 1761,2290 1731,2287 1721,2278 1687,2278 1645,2297 1623,2298 1607,2286 1588,2293 1572,2285 1557,2294 1524,2294 1515,2302 1466,2286 1444,2298 1433,2294 1373,2329 1335,2324 1314,2305 1287,2313 1268,2294 1248,2302 1233,2294 1222,2301 1184,2298 1161,2309 1145,2301 1110,2316 1072,2302 1004,2302 964,2339 955,2332 914,2336 881,2313 827,2343 769,2309 741,2324 704,2310 661,2327 645,2316 623,2325 606,2310 582,2310 563,2325 542,2310 517,2310 497,2321 462,2310 432,2316 413,2310 398,2321 386,2310 357,2317 309,2310 268,2317 236,2335 214,2333 206,2341 140,2316"/>
              </Shape>
            </String>
          </TextLine>
          <TextLine ID="line_13dcf89c-6cb1-453c-b72a-292312b6f44e" HEIGHT="138" WIDTH="1908" HPOS="140" VPOS="2272" STYLEREFS="textstyle-None---sans-serif---proportional---None---None---None">
            <Shape>
              <Polygon POINTS="140,2315 205,2343 218,2331 232,2339 257,2320 292,2319 301,2312 321,2312 328,2319 348,2312 361,2320 372,2312 389,2312 397,2320 439,2312 471,2335 488,2335 519,2308 544,2308 551,2315 604,2309 624,2327 638,2316 661,2327 679,2320 709,2324 724,2316 740,2323 769,2308 776,2315 813,2312 840,2335 887,2312 907,2316 935,2340 944,2331 963,2339 1000,2304 1029,2300 1070,2300 1092,2312 1118,2300 1159,2305 1192,2296 1203,2304 1240,2296 1249,2303 1256,2296 1276,2300 1292,2292 1347,2331 1390,2323 1439,2293 1480,2292 1493,2303 1524,2292 1551,2299 1567,2285 1594,2296 1607,2285 1619,2297 1645,2296 1663,2284 1703,2284 1710,2291 1740,2277 1762,2288 1788,2277 1811,2300 1835,2304 1855,2296 1875,2309 1971,2272 2014,2300 2048,2290 2048,2332 2037,2343 2017,2359 1986,2351 1966,2367 1953,2366 1918,2335 1899,2335 1884,2346 1859,2341 1839,2347 1818,2339 1783,2352 1758,2342 1747,2352 1728,2350 1711,2359 1679,2343 1664,2343 1651,2355 1608,2347 1592,2359 1533,2347 1483,2364 1465,2382 1445,2375 1430,2386 1404,2382 1387,2390 1372,2383 1359,2395 1338,2380 1328,2382 1309,2363 1285,2374 1255,2363 1216,2388 1183,2363 1112,2363 1092,2371 1049,2367 1041,2374 1028,2371 1004,2395 989,2395 961,2370 931,2371 897,2394 868,2374 849,2373 805,2399 758,2398 710,2375 681,2375 629,2393 620,2387 597,2398 581,2393 559,2399 541,2383 521,2379 494,2387 462,2410 425,2375 362,2375 327,2406 299,2390 250,2398 227,2383 207,2398 177,2386 155,2398 140,2394"/>
            </Shape>
            <String ID="line_13dcf89c-6cb1-453c-b72a-292312b6f44e-dummy-Word" HEIGHT="138" WIDTH="1908" HPOS="140" VPOS="2272" CONTENT="verkocht 't geen ons allen zeer goed koop voor kwam, een schoone zyn">
              <Shape>
                <Polygon POINTS="140,2315 205,2343 218,2331 232,2339 257,2320 292,2319 301,2312 321,2312 328,2319 348,2312 361,2320 372,2312 389,2312 397,2320 439,2312 471,2335 488,2335 519,2308 544,2308 551,2315 604,2309 624,2327 638,2316 661,2327 679,2320 709,2324 724,2316 740,2323 769,2308 776,2315 813,2312 840,2335 887,2312 907,2316 935,2340 944,2331 963,2339 1000,2304 1029,2300 1070,2300 1092,2312 1118,2300 1159,2305 1192,2296 1203,2304 1240,2296 1249,2303 1256,2296 1276,2300 1292,2292 1347,2331 1390,2323 1439,2293 1480,2292 1493,2303 1524,2292 1551,2299 1567,2285 1594,2296 1607,2285 1619,2297 1645,2296 1663,2284 1703,2284 1710,2291 1740,2277 1762,2288 1788,2277 1811,2300 1835,2304 1855,2296 1875,2309 1971,2272 2014,2300 2048,2290 2048,2332 2037,2343 2017,2359 1986,2351 1966,2367 1953,2366 1918,2335 1899,2335 1884,2346 1859,2341 1839,2347 1818,2339 1783,2352 1758,2342 1747,2352 1728,2350 1711,2359 1679,2343 1664,2343 1651,2355 1608,2347 1592,2359 1533,2347 1483,2364 1465,2382 1445,2375 1430,2386 1404,2382 1387,2390 1372,2383 1359,2395 1338,2380 1328,2382 1309,2363 1285,2374 1255,2363 1216,2388 1183,2363 1112,2363 1092,2371 1049,2367 1041,2374 1028,2371 1004,2395 989,2395 961,2370 931,2371 897,2394 868,2374 849,2373 805,2399 758,2398 710,2375 681,2375 629,2393 620,2387 597,2398 581,2393 559,2399 541,2383 521,2379 494,2387 462,2410 425,2375 362,2375 327,2406 299,2390 250,2398 227,2383 207,2398 177,2386 155,2398 140,2394"/>
              </Shape>
            </String>
          </TextLine>
          <TextLine ID="line_33d7749d-e103-48c6-98f3-db8539be7bc2" HEIGHT="152" WIDTH="1907" HPOS="143" VPOS="2333" STYLEREFS="textstyle-None---sans-serif---proportional---None---None---None">
            <Shape>
              <Polygon POINTS="143,2389 154,2396 185,2385 197,2396 226,2397 262,2385 280,2396 331,2397 363,2373 426,2373 468,2397 491,2385 521,2400 552,2392 568,2402 581,2396 607,2400 621,2389 629,2395 660,2373 688,2383 708,2373 728,2393 753,2400 790,2393 802,2400 844,2373 864,2373 902,2392 925,2373 936,2369 947,2376 956,2369 989,2396 1009,2399 1045,2369 1060,2372 1067,2365 1080,2376 1105,2378 1132,2365 1171,2361 1217,2389 1253,2365 1284,2373 1294,2364 1312,2364 1357,2396 1374,2384 1386,2392 1405,2380 1419,2384 1448,2374 1469,2379 1491,2357 1513,2357 1523,2349 1547,2360 1560,2353 1580,2357 1596,2372 1620,2350 1646,2361 1677,2343 1703,2357 1717,2349 1735,2349 1744,2357 1762,2341 1780,2349 1793,2340 1836,2349 1868,2341 1881,2348 1901,2333 1920,2333 1961,2366 1997,2349 2013,2361 2032,2345 2050,2356 2050,2399 2030,2417 1991,2413 1982,2421 1961,2402 1951,2402 1940,2413 1890,2429 1817,2429 1777,2453 1722,2453 1684,2431 1677,2437 1638,2421 1623,2433 1600,2429 1582,2445 1544,2455 1522,2445 1513,2449 1497,2437 1465,2460 1417,2433 1404,2440 1391,2433 1341,2466 1321,2453 1289,2457 1252,2437 1200,2437 1145,2473 1134,2465 1121,2473 1084,2459 1042,2460 1000,2479 959,2464 929,2472 883,2469 873,2477 848,2473 817,2485 774,2465 737,2434 724,2443 704,2437 676,2453 667,2445 654,2453 620,2445 584,2468 565,2468 532,2485 509,2485 456,2453 419,2460 387,2450 348,2460 329,2441 320,2447 307,2441 270,2452 259,2446 222,2460 213,2451 196,2453 177,2437 143,2439"/>
            </Shape>
            <String ID="line_33d7749d-e103-48c6-98f3-db8539be7bc2-dummy-Word" HEIGHT="152" WIDTH="1907" HPOS="143" VPOS="2333" CONTENT="en een Peliaaus Onocrotalus mutteden, naar myn inzien, byzonder uit">
              <Shape>
                <Polygon POINTS="143,2389 154,2396 185,2385 197,2396 226,2397 262,2385 280,2396 331,2397 363,2373 426,2373 468,2397 491,2385 521,2400 552,2392 568,2402 581,2396 607,2400 621,2389 629,2395 660,2373 688,2383 708,2373 728,2393 753,2400 790,2393 802,2400 844,2373 864,2373 902,2392 925,2373 936,2369 947,2376 956,2369 989,2396 1009,2399 1045,2369 1060,2372 1067,2365 1080,2376 1105,2378 1132,2365 1171,2361 1217,2389 1253,2365 1284,2373 1294,2364 1312,2364 1357,2396 1374,2384 1386,2392 1405,2380 1419,2384 1448,2374 1469,2379 1491,2357 1513,2357 1523,2349 1547,2360 1560,2353 1580,2357 1596,2372 1620,2350 1646,2361 1677,2343 1703,2357 1717,2349 1735,2349 1744,2357 1762,2341 1780,2349 1793,2340 1836,2349 1868,2341 1881,2348 1901,2333 1920,2333 1961,2366 1997,2349 2013,2361 2032,2345 2050,2356 2050,2399 2030,2417 1991,2413 1982,2421 1961,2402 1951,2402 1940,2413 1890,2429 1817,2429 1777,2453 1722,2453 1684,2431 1677,2437 1638,2421 1623,2433 1600,2429 1582,2445 1544,2455 1522,2445 1513,2449 1497,2437 1465,2460 1417,2433 1404,2440 1391,2433 1341,2466 1321,2453 1289,2457 1252,2437 1200,2437 1145,2473 1134,2465 1121,2473 1084,2459 1042,2460 1000,2479 959,2464 929,2472 883,2469 873,2477 848,2473 817,2485 774,2465 737,2434 724,2443 704,2437 676,2453 667,2445 654,2453 620,2445 584,2468 565,2468 532,2485 509,2485 456,2453 419,2460 387,2450 348,2460 329,2441 320,2447 307,2441 270,2452 259,2446 222,2460 213,2451 196,2453 177,2437 143,2439"/>
              </Shape>
            </String>
          </TextLine>
        </TextBlock>
        <TextBlock ID="region_04bb2b4b-3a57-4ef5-b03b-8164e53094ec" HEIGHT="114" WIDTH="99" HPOS="0" VPOS="1783">
          <Shape>
            <Polygon POINTS="0,1783 99,1783 99,1897 0,1897"/>
          </Shape>
          <TextLine ID="ade972a3-f872-40af-bfab-93ceed7e40be" HEIGHT="114" WIDTH="99" HPOS="0" VPOS="1783" STYLEREFS="textstyle-None---sans-serif---proportional---None---None---None">
            <Shape>
              <Polygon POINTS="0,1806 22,1805 50,1783 99,1828 99,1871 89,1878 20,1897 0,1894"/>
            </Shape>
            <String ID="ade972a3-f872-40af-bfab-93ceed7e40be-dummy-Word" HEIGHT="114" WIDTH="99" HPOS="0" VPOS="1783" CONTENT="816.">
              <Shape>
                <Polygon POINTS="0,1806 22,1805 50,1783 99,1828 99,1871 89,1878 20,1897 0,1894"/>
              </Shape>
            </String>
          </TextLine>
        </TextBlock>
      </PrintSpace>
    </Page>
  </Layout>
</alto>
