2083 2540
193 17 1774 171 Lorium, de Profissor zoo wel als de studenten, schaterder van

186 137 1835 105 laachen hiertoe bragt veel by de zotte grimaces die hy onophoude

176 190 1858 131 lyk maakt en het dikwyls inlasschen der woorden Harre Iaisis

178 253 1854 131 dag ist ja curioos: ja mijn vriend gy mogt nog zulk een ernstige

167 306 1874 131 bai hebben, hier zynde & den Hofraad Blumenbach voor de eerste, tweede

166 369 1857 140 of derde reis horende. doceren zondtgy m even als ik uwe lachspieren

168 427 1878 136 gedugt moeten laten werken. Zeldsaam voorwaar trof het dat de Hoog

170 490 1877 136 leeraar van Swinderen met ons by een zyner lessen tegenwoordig woorde=

167 561 1885 134 lyk dezelfde voorlezing van Blumenbach hoorde als hy 7 Jaren te voren

167 628 1844 128 ook in Gottingen zynde van zyn HoogGeleerde gehoord had, namelyk

167 700 1848 116 over de zyde warm en de Zydeteelt waarvan in de het werk door

167 762 1846 114 de Heren Reizigers en 1809 uitgegeven opbladt 261 van het 1=te deel met

169 824 1847 109 ding wordt gemaakt: het was woordelyk doorspekt met alle die

165 893 1861 120 klugtige verhalen die wel niet in het gedrukte werk zyn opgege=

164 958 1852 113 ven doch welke Profs. van Swinderen nog alle in manuscript had &

164 1017 1835 112 ons des avonds in het logement komende liet lezen liet. En dat

169 1089 1805 114 is nu die grote zoo beroemde Hofraad Blumenbach. Als vreemden

165 1155 1841 124 verzogt hy ons by zich & beloofde ons zyn schedel cabinel te zulle

165 1213 1847 125 laten zien; gisteren zyn wy ook by hem geweest & met verwonde¬

170 1272 1841 127 ring die verzameling van schedels van alle volkeren der aar¬

168 1338 1880 134 de gezien alsmede het groote ouderscheid opgemerkt dat er tusschen

171 1414 1784 121 zommigen plaats heeft: met geene mogelykheid konden wy zyn

173 1482 1789 138 ligenlik gezegd kabinel te zien Krijgen hiertoe verleent hij de toe¬

173 1547 1810 143 gang aan niemand men gelooft algemeen dat hij bezorgt is dat

178 1612 1883 147 men enkele stukken zal herkennen daar de Edele Heer Hofraad

172 1685 1851 136 uit alle verzamelingen van Europa gestolen heeft: hi haal de

168 1754 1861 134 egter, om toch iets te doen, uit eene naburige kamer, die hy zorg

166 1824 1794 139 vuldig agter zich sloot, eenige voorwerpen als het zonderling

167 1887 1863 143 zogend vogelbek dier uit Nieuw Holland afkomstig eerst voor eenige

171 1959 1865 134 jaren ontdekt en door Blum: aldus gedoopt, de zeldsame en nog

170 2027 1837 123 vrucht van den nog geheel onbekenden barnsteenboom, eenige

171 2099 1852 123 zeer groote uit de lucht gevallene steenen, en eene groote verza„

173 2165 1839 132 meling van barnsteenen waarin kleine insecten. Heerlyk zyn

173 2223 1887 153 anders hier de subsidia welke de studeerende heeft want behalve
