2083 2540
1905 77 95 72 167

157 92 1845 167 Aan de voet van den berg, waarop het Niederwald staat, verheft zich digt aan den

160 187 1838 122 zyn een oude eerbredwekkende mine (ziek. )welke wy insgelyks bezogten:

159 251 1830 122 niet weinig waren wi verwondert van binnen twee schoone zeer elegant

152 313 1868 128 gemenbileerde kamers te vinden welke de Graaf Ingelheim, die en 1812 deeze

144 366 1870 136 uune voor 12000 Guldens van vorst Metternich gekogt had, aldus had ge„

149 430 1864 115 moderniseert, dit maakte een zonderling contract met de oude vervallene

151 488 1872 136 half ingestorte muren rondom dezelve. Langs nieuws gemaakte zerken trap

152 558 1874 134 pen beklommen wy den top der Uine waar wy boven op een live huin van

149 620 1859 152 bloemen en heesters vonden, daarna dwaalden wy vry wat zond in het

147 685 1881 149 niet gerestaureerd gedeelte, kwamen in eenige half ingestortte vertrek

147 752 1866 150 ken, zagen de voormalige gevangenis en daal den toen met vry wat ge=

141 834 1884 143 voor langs de oude hier en daar geheel uitgezakte trappen naar vene„

137 901 1850 138 den. Onder woont een persoon en een klei vertrekje die ons verzogt onze

132 978 1886 121 namen en hiet album te schryven; de kroonprins en Kroonpriuses waren

139 1032 1867 142 de vorige dag hier geweest hebbende het gevolg hunne namen daarin Ge„

144 1110 1861 134 schreven: onder dagtekening van den 17 July ll vonden wy onze 6 groninger

143 1173 1894 140 mennoniten ook opgetekend die tegelyk met ons op Wilhelmhöke byj Cassel

144 1244 1870 149 geweest zyn ik twifel niet of zy zyn thans al lang weer te huis. Na eene

144 1309 1868 150 wandeling van drie uren lieten wy ons en ons logement een heerlyk di„

136 1377 1864 128 „ner, dat men aangerecht had, zeer goed smaken, en het kon ook niet minder

135 1438 1886 134 of wy moesten hier van den benoemden Rudesheemer wyn drunken; overheer

145 1499 1858 150 lyk smaakte ons dezelve en wyledigden er geheel ongemerkt eenige

144 1571 1886 140 flesjes van: tot onze verwondering was de wyn van 1811 duurder dan

139 1636 1886 138 van 1806 en vorige jaren (kostende 1-16- „ en 2—„ — „ de vles) zoo dat het gewas

136 1708 1834 144 van 1811 al zeer goed moet geweest zijn. Om drie uren weder scheep

135 1785 1811 146 gaande dreven wy de kort te voren bezogte ruine op de regter en

133 1837 1901 174 de Stad Bergen op de linke oever voorby waarna wy ons eensklap

144 1926 1873 153 in het soms zeer gevaarlyke Bingerloch bevonden; door digt aan den

126 1998 1874 163 legter oever langs te varen vermeden wy alle klippen en rotspunten

142 2068 1832 153 die in de rivier zyn waarvan sommige even uit het water staken

145 2154 1865 150 zoodat de Ryn hier verschriklyk kookte en bij die klypen Geheel

135 2226 1882 139 schuin was; genoemde doorgang aan de regter zyde is voor 2 a 300

134 2306 1851 149 Iaar door Hollanders Gemaakt: Nu naderden wij den Muizentoren
