2083 2540
181 77 1827 144 dat my het vest voldaan heeft zonder er juist voor te willen instaan

179 175 1817 115 dat ik niet heb misgelast. — In de eerste kamer zagen wy eenige bustes

176 239 1841 101 van Keurvorsten waaronder niets byzonders doch in de tweede zaal

176 296 1852 107 behalven veele uitmuntende stukken een drievoet zynde een Etrussisit

171 363 1845 103 allaar van Apollo uit Parisch marmer thans over de vierde half dui„

173 427 1850 99 zend jaar oud waarin men de aanvang der kunst duidelyk bespeuren

176 488 1863 94 zn. In de derde zaal is het borstbeeld van eenen Romeu Restio genoemd

176 544 1842 111 die 200 jaar voor Christus leefde en waarvan ons de opziener verhaalde

172 604 1829 115 dat ieder Franschman die hier kwam dadelyk uitriep at voila le

171 669 1855 124 general Massera. terwyl ieder inwoner van Berlin er eenen Klaprothe

172 735 1807 117 in meende te vinden; hier is ook een voortreflyke desculaap. Inde

172 807 1810 115 vyfde zaal zoonde men ons de 3 statuen uit Hterculanum opgedol=

171 869 1850 111 ven die zeer schoon waren onder deeze muntte naar myn inzien eene

171 939 1860 120 nnemosyne uit. De volgende zaat was geheel gevuld met Rromennsche

168 1007 1860 109 teelden zoo van mannen als van vrouwen waaraan men de verschil¬

171 1068 1792 129 lende kleding dukken van toga, stola, palleum enz goed kon onder

173 1134 1821 120 kennen, hier en in de volgende zalen laten verscheidene persoonen

175 1198 1829 124 te copieren. In de 8=dte zaal zagen wy veele vennosen als van Medicis, Flo„

169 1270 1798 112 ente lit alsmede de schoonste statue van de gansche verzame

168 1332 1830 116 ling zynde de romp van een atkleet die in eene zeer gebogene houding

167 1390 1733 120 tusschen de schouders met olie vryft: dit beeld is zoo AnatomiseC

163 1456 1785 125 schoon, men ziet de gebogene zugge graat en de werking der spieren

162 1520 1833 143 zoo natuurlyk, dat zo niemand het tot dus verre gewaagd heeft om er

164 1576 1832 143 het hoofd en andere ontbreekende deelen aantemaken schoon bijna alle

164 1646 1848 143 stukken gerestaureerd waren en men maar zelden een zieh dat geheel

164 1715 1854 144 onbeschadigt is. De negende zaal is grotendeels gevult met eene copie

159 1790 1843 136 van het zoogenaamd Columbarium of grafkelder van Iulia die dit had

163 1860 1828 127 laten vervaardigen om de rcct van alde haren bij een te hebben; in

159 1925 1776 138 alle de vakjes zieh men of oude Romeinsche winen en traanflesjes

163 2003 1789 134 of andere oudheden in de omstreeken van Dreeden opgegraven;

163 2079 1769 132 dit stuk beslaat de gansche breedte der muur: hier vindt men

162 2151 1817 119 voorts twee zeer goed geconserveerde en echte mummeen benevens

162 2220 1865 111 Sarcophage in hant relief: de benoemde Janova, die hier ook geweest is, zoude

161 2289 1805 127 gezegd hebben dat men zich van zulk werk thans geen begrip konde
