2083 2540
357 1 348 71 personer

529 104 806 154 Paderborn den 41 July 1816.

629 304 272 108 Amile.

163 377 1781 190 Slechts ééne dag in munster vertoevende is het geen wonder dat wy

166 511 1822 104 dien ook goed gebruikte en reeds vroeg op de been waren om het eer

149 575 1804 111 en ander te bezigtigen: wy maakte een aanvang met het klooster

143 643 1817 110 der baamhartige broeders te bezien welk gedicht zyn oorsprong aan

143 709 1840 111 Clemens August verschuldigt is; doch ook hier, in deeze zoo mensch„

140 771 1853 114 lievende inzichting, waar te voren 19 à 20 kranken in konden verzorgt

142 838 1846 111 vorden, bespeurdde men duidelyk de alverneelende hand der Fransche„

138 905 1826 101 tie aan het klooster nagenoeg alle fondsen hadden afgenomen, zoodat

141 972 1771 111 te 3 nog overige Paters al hun zelver hadden moeten verkoopen om

144 1032 1823 114 lechts eenige weinige kranken te kunnen verzorgen. De kerk tot dit ge

149 1098 1830 110 om behorende is zeer fraay en eenigsints naar de H Pieters Kerk ge¬

151 1169 1831 109 ouwd ook vond men er eene Kapel just naar de Saucta Jaca van Loret

160 1235 1829 115 gebouwd, zynde de muren even zoo door de bliksen beschadigt als

164 1301 1786 126 bovengemelde) de moeder Jesu insgelyks met een zwart aange¬

160 1373 1811 107 icht veroorzaakt door het offeren van eene zware met vurkruid

156 1438 1814 116 wvulde waskaars. Onder de reliquien, tot het klooster behoorende,

160 1509 1823 118 oud men onder anderen agter een glas een byna onzigtbaar spluiter„

167 1575 1818 117 je van het waare kruis, zoo als ons de pater zeide, een volstrekt

161 1647 1799 110 zigtbaar deeltje van het lichaam van StClementius, de derde

155 1714 1807 110 ans na Petrus, insgelyks agter glas, en meer andere dingen:

157 1787 1824 105 oortstoonde men ons nog den geheele garderobe van de lieve

153 1851 1821 108 rouw en van de Priesters. — De groote Domkerk juist openziende

150 1918 1838 121 taan traden wij dezelve binnen: het is een schoon gebouw waar¬

149 1989 1804 107 an veele sieraden van veeldhouwwerk enz zyn aangebragt, het„

151 2060 1821 109 een in dezelve voornaamlyk onze aandagt tot zich trok was

1475 2126 108 49 heersch

147 2128 1777 127 de kapel waar in waren Barentje van Galen, waruchtiger ge¬

143 2203 1823 115 1 achtenis, begravenis ligt waar altijd eene brandende lamp trangt;

137 2277 1833 118 dezelve is door een zwaar metalen hek, zoo men zegt van veroverde
