2083 2540
422 1 317 56 personen

1909 29 87 95 18.

160 50 1768 134 Ossendorf zynde de tweede station aan: de Kastelein uit het porthuis

155 110 1824 133 toonde zich zeer gevelgd dat ik het dorp ocksendorf noemde want

153 174 1807 128 triftig antwoorde hy myes heist Ossendorf mit zwey Ss. versteken sie"

152 229 1865 132 Korton hier te ossen of Oiksendorf, zoo als men het dan verkiest, moeste

151 288 1861 144 wy ons bepalen om verder Extra post te nemen, in onze postwagen, die

154 347 1851 149 ons immiddels weder ingehaald had, te kruipen, of wel te blyven, zom

150 409 1837 152 migen inclineerden voor het een, andere voor het andere, en daar het

151 473 1837 155 toch op hetzelve uitkwam, gt volgden wy ieder onze zin, daar 23

155 535 1841 164 in de postwagen gingen & onzer aller bagagie medenamen terwyl

153 601 1850 169 ik met myne 3 Groniger reisgenoten in eene heerlyke avond naar

155 665 1836 163 Warburg, een groot uur van daar, wandelden omdat wy aldaar

155 739 1832 163 oneindig beter logeeren konden en het juist in onze route lag. En in=

152 807 1839 166 derdaad ik heb er geen verouw van gehad, de andere Heeren hebbe

143 872 1869 191 dien nagt weder doorgereden & des morgens hier te Cassel gekomen

148 943 1869 185 terwyl wy tot donkeren zoo om Warburg allerliefste wandelingen ge

159 1023 1852 187 daan, zeer goed gegeten, en schoon slegte bedden hebbende hierlyk

167 1156 504 110 geslapen hebben.

169 1120 1849 207 met een zeer goed ryting en een span beste paarden van onzen Kaste

179 1249 1849 148 lein uit het Garthoje Desenburg verliezen wy de volgende morgen wat

160 1299 1850 153 burg om wy reden door het dorpje Dalheim door eene behoorlijke streak

142 1368 1886 140 latende den Desenberg aan de linkerhand liggen, schilderagtig was het

149 1433 1891 144 gezicht dat wy van hier rondom en voornaamlyk naar den Kant van

158 1496 1861 150 Warburg hadden: bylangs de dorpen Ehrings en Libeuar zydende

161 1549 1881 151 kwamen wy voorbij over en door Nider Lichtingen, toen wij ons reeds

158 1609 1892 164 op Hessisch grondgebied bevonden en reden tot West-Uffden de derde

156 1681 1879 148 en laatste station voor Cassel: hier aten wy in der haast, bestelden

160 1748 1881 158 een ander ryting en waren weldra op weg naar Cassel: kort aan de

161 1820 1863 150 weg zagen wij hier ontzettende grote kudden vankens grooten deel

156 1886 1891 138 bonten en zwarten om welke te hoeden verscheiden menschen ware

142 1948 1896 142 der naaawernood waren wy Meinbeds en Kalken gepasseerd toen wy

1023 2030 123 50 wierden

159 2021 1882 147 door zulk eene hevige stortregen is verfrict dat wij weldra draijs

163 2095 1866 148 nat waren wyl onze wagen slechts half verdekt was en aan alle

149 2164 1857 144 zyden lekte: lang voor wy Cassel vereikten zagen wy de Hercules op de

148 2232 1904 160 Odogoor van de Wilhelmhoke, wien wy deezen middag van nader by hope

0 1314 149 112 elinge
