2083 2540
178 70 1848 151 rendezvous gegeven waarwy dan ook na 66 Lachter ieder a 7 voet &

181 151 1853 136 dus 462 voder gedaald te hebben by elkanderen kwamen zie ventie

177 220 1841 138 verheugt zoo verre te zyn: op een stukerts gezeten kregen wy hier

175 286 1823 138 het nodige onderricht van het boucheljoentje dat my als leidsman

179 354 1858 155 vas ten deel gevallen en dat zich voordeel als het spil van het machie

180 424 1843 134 e waarop alles draaide, zoodat toen ik hem vroeg of hy dagelyks in

176 493 1845 140 te myn werkte, hy my met een paar groote oogen aanzag zeggen

177 556 1830 141 de dat hy slechts iedere morgen van 6- g beneden was nu alles

175 631 1868 134 zu inspectieren; werken was zyn character ze na, dat had hy 34 jaar

172 697 1844 140 gedaan. Daar het juist Zaturdag was vonden wy geene mynwerkers

180 758 1870 146 beneden, althans niet in de groef waar wy waren, zynde er verschei

184 841 1865 150 den boven elkanderen, en de diepste by de 200 lachter of 1400 voet, diep

187 904 1852 156 dan, daar alles voor het overige hetzelve was, besloten wy hier

186 993 1820 151 maar te blyven en deeze groefte bezigtigen: na dat wy er een

186 1056 1835 154 and en opgegaan waren ging myne vriendelyke geleider aan het

189 1133 1826 140 werk toonde ons eerst hoe men een gat in eene schuirsche rigting

195 1206 1847 146 in den gang boordt, hoe men hetzelve met vuskruid valde & de ingang

190 1278 1837 159 op eene kleine opening voor den lontna, met stcentjes digtmaakte

193 1350 1815 165 hoe men, wanneer een stuk was losgesprongen, het met houweelen

184 1414 1830 142 in kleinere stukken sloeg en deeze na de opening der myn naar de

176 1472 1859 169 loodlynige put bragt van waar zy door middel der emmers naar boven

181 1541 1870 151 gevoerd wierden, alsmede waar men de onnutte stof, die dadelyk

185 1617 1866 155 voor niet metaalhoudend wierd erkent, liet dienende deeze gewoon

188 1681 1827 153 lyk om de gemaakte gangen voor instorten te verzekeren. Na

1812 1811 127 58 terwyl

189 1755 1854 150 hier alles gezien en een stukje cats medegenomen te hebben wan

187 1830 1835 169 delden wy verder wanneer men ons in de stollen bragt wauwe

186 1894 1834 159 onze leidsman zeide dat hy ons door dezelve naar de Doro

177 1969 1885 165 theer groef zoude leiden. Aan de muren deezer stollen zagen wy nog

190 2035 1869 165 latten waar lampions gehougen hadden toen de Hertog van Jan

195 2114 1850 146 bridge het vorige jaar de mynen gevisiteerd had, gelyk wy mede

190 2179 1861 162 eene groote plaats zynde als 't ware een zaal bemerkten in de myn

185 2249 1859 156 uitgehouwen & geheel met hout bekleed waarde Hertog gedezen

191 2314 1830 178 neerd had, wordende by die gelegenheid aangenaam verrast
