2083 2540
1930 69 77 72 178

198 81 1803 144 vaheft zich midden in den Ryn een lang eiland door veel bosch bescha„

196 175 1800 116 uut en waar zich het eenigste klooster bevindt dat aan het edict der

195 235 1832 123 Vooster opheffing ontkomen is: toen voor eenige Jaren de Keizer en Keizerin

201 301 1826 129 Frankryk deeze streken althans den linker Rynoever bezogten deden

198 367 1761 127 Nonnen, uit vrees van buitendien ontdekt te zullen worden, eenen

563 441 172 52 de keizerin

192 430 1812 113 neval voor acaua die op hare dierbaren Gemaal zoo veel in„

186 494 1750 123 loed had dat het klooster in wezen bleef, het is in 1120 gesticht; dit

188 549 1805 133 looster eiland wordt Nonnenwerth of ook wel Rolandswerth genoemd.

186 635 1810 128 van hier heeft men een heerlyk gezigt en byna zoude ik zeggen het laat

182 702 1834 144 te heerlyk gezigt op den Gappehen Rijn) te op de beroemde Zeven Bergen

186 773 1822 130 khoogste aan den Duitschen Ryn die het zevens het eind uit maken van

191 844 1798 141 te geheele bergachtige streek, naauwlyks toch is men deeze verzame

185 918 1767 138 rigbergen voorby gedreven of men ziet aan weerszyden eene byna

190 989 1730 128 afzienbare vlakte; zoodat ik ieder raade om dan toch de reis

197 1043 1845 145 van Boun of Keulen te land voortte zetten daar na zulke schoone, verhe¬

193 1124 1776 152 rne en trotsche toneelen, als men van mentz af gezien heeft, deeze

182 1195 1843 143 lakke en eentonige oevers zoo zeer afvallen dat men zich waarlijk

182 1269 1806 149 net kan verbeelden den Ryn te bevaren. De Zeven bergen worden dus

177 1339 1820 156 genaamd omdat zi eene verzameling van zoo veel bergen iit maken

165 1418 1812 155 die zich achter elkanderen verheffen, van deeze is de Leeuwenberg

170 1486 1778 153 de hoogste zynde 1896 voeten boven den Ryn verheven terwijl

168 1562 1800 151 de Wolkenberg en Diacheufels weinig minder zyn, en verbeeldt

181 1620 1848 169 „veye vriend op sommige dezer bergen staan uines van weleer

174 1701 1810 169 bewoonde Kasteelen; welk eene hoogte om zich daar eene woning

172 1775 1853 148 uitte kiezen. aan de voet dezer bergen zagen wy een paar kleine vlekken

170 1846 1827 158 die de uiinen van het slot Rolands-eik met verplettering schynen

177 1912 1840 166 te dreigen: op de lunker oever ontwaart men voorts mehlen, Runsdorf

176 1983 1760 160 de groote uitgestrekte ruine van Godesberg, 't welk men meent dat

181 2047 1776 167 voren een rempet van Mercurius geweest is, en die over de huizen

180 2124 1795 165 van Plittersdorf aan deszelfs voet gelegen, heen ziet. Na op den regter

176 2192 1854 165 oever Dollendorf OverCassel en Rammersdorf, dat wat meer landwaarts

184 2271 1838 184 „ligt, gepasseerd te zyn, bevindt men zich voor de oude fraaye op de
