2083 2540
180 69 1735 115 ders net gezien, deeze hadden hem eerste Leijssig opgezogt doch

187 127 1816 118 or hy meest zwervende was, hadden zy hem niet in de stad aangetrof

184 197 1764 105 :ook zyne 78 jarigen Vader had hy de vorige dag in dohmen niet aan=

180 248 1773 124 troffen daar deze zedert twee dagen van huis was: deeze oude man

179 315 1821 130 van ons nu op den wegtegen en groette ons allen en terkende zyner

180 377 1789 116 oon niet die schielyk van dewagen sprong en hen onchelsde, de on

183 444 1786 125 „man schreide overluid van vreugde en kon geen woord uitbrengen

182 506 1711 122 mein schn, meir lieber Schu! wy namen hem nog mede in het

184 566 1792 127 „ting tot waarin wy nu 3s persone waren, hy is tot schandan me„

177 632 1774 141 tegegaan. In het badhuis aldaar waren veel menschen die echter

172 696 1780 154 pdat uur meest wandelde, het is zeer groot en bevat veele bad

173 796 640 112 kamers hier boven staat

179 804 1736 196 debilitant vires balnea, Bachus, Amor: Restaurant laden valnca,

684 944 406 94 Vina, Venus.

163 947 1812 183 wijaten hier forellen die zeer klein, waren en die wy zoch met 4 grosschen

167 1086 1727 109 het stuk betalen moesten, en lieten onzen voerman met onze bagage

173 1146 1833 102 naar Pirna ryden alwaar wy hem beloofden den volgenden dag tegen de

163 1193 1809 125 middag te zullen komen voornemens zynde om den Schweitz verder

162 1278 1806 114 voet te bezoeken: na ons dus van eenen kundigen gids voorzien te

164 1347 1761 108 hebben, vertrokken wy met onze 2 Leijsiger studenten om 2 uur van

165 1412 1802 117 mhanden en wandelden langs het Kinnische baek tusschen zeer noo

171 1477 1729 108 gezotsen naar de Kukstal een der stoutste partijen van deeze

165 1531 1831 139 landstreek: het is een gewelf van 40 Ellen hoog en 30 ellend breed aldus

161 1608 1806 129 genoemd wyl in den 30 jarigen oorlog hier veele menschen met hun

163 1672 1805 150 ver gevlugt zyn: in eene brandende zou zo kwamen wy om 5 uur

162 1745 1773 131 aldaar aan en troffen er een gansch gezelschap Heeren & Dames

163 1813 1812 139 die langs omwegen tot digt aan de Kukstal met het rijting geko=

160 1888 1781 138 nen waren en proviant hadden medegenomen; onder anderen

162 1964 1846 122 offy waarvan zy ons zeer vriendelyk een kannetje volgaven ziende

163 2036 1816 132 dat wy ons net vier, het eenige dat men hier bekomen kan, moesten te

159 2108 1830 144 vrede stellen. Het uitzigt, dat men van hier over nog hogere in de

154 2181 1833 134 verte gelegene lotzen en over eene ontzettende diepte niet sparren

1613 2247 139 58 deklank

155 2255 1838 125 gevuld, is treffend, ook is de eeche hier zeer sterk daar men een in de

155 2324 1783 142 diepte afgeschoten pistool gedurend veertig seconden hoort

1904 5 109 136 124
