2083 2540
1915 45 87 72 127

150 47 1808 165 Zoo naderden wy den Prebis Thos zynde een nahuurlyke poort of boog van

141 152 1828 140 30 Ellen hoog en 40 Ellen breed, hier boven groet op de harde rots eene boom

137 202 1876 138 en een ander just onder de boom hetgeen eene vreemde vertoning maakt

136 271 1861 134 Daarthans de zon alle nevelen verdreven had genoten wy van deeze hoog

133 329 1824 142 te een uitminderd gezicht over het gansch Bohemen dat ons zeer berg en

135 383 1823 143 boschachtig voorkwam: uit een vlesje Run dat wy van Schandan trac=

135 442 1837 162 den medegenomen dronken wy hier onze gelukkige terugkeer in het va=

131 509 1840 149 derland, onze verdere reio van dit oogenblik af als eene terugters aan

125 581 1839 156 merkende daar wy hier het verste punt van onze gansche reis bereikt

125 647 1836 146 hadden: wie weet of ik ooit weder zoo ver van huis zal komen. - met

130 716 1832 165 groote moeite en niet zonder gevaar daalden wy van hier zoo sterk

128 791 1856 148 na beneden dat men waarlyk duizelig moest worden en zich soms op

126 860 1858 154 handen en voeten moest laten afglyden, dit duurde zeer lang en van

131 926 1799 167 harten beklaagde ik 2 menschen die in het zweet huns aanschyns

125 999 1829 154 deeze seilte beklommen terwyl wy van de andere zyde byna onge„

127 1058 1858 151 merkt op dezelve waren gekomen. Hier onder ontmoeteden ons veele

128 1129 1826 150 Bohemers meest houthakkers die ons met hunne gewone groet,

125 1207 1867 142 gelaubt Sei Jesus Christ, voortygingen waarop wi, hiervan door

123 1270 1838 158 den gids onderrigt, antwoordden in Ewigheit Amen: dit zeggen zy

120 1359 1867 141 zoo dikwyls zy iemand ontmoetten, Langs de Kamnts vach gaande,

122 1426 1893 146 waar veele molens door gedreven worden, kwamen wy om halftien aa

125 1504 1841 133 te Airnitsch Krätschjen een Boheemsch dorp aan de Elve Gelegen:

115 1569 1842 139 volgens afspraak vonden wy hier onze katn of boot die wy de

124 1638 1859 137 vorige dag te schandan gehuurd hadden. — Na een weinig in de

129 1711 1832 142 herberg gerust te hebben gingen wy aan boord; wy hadden een

129 1782 1865 135 zeer goed van boven met een zeildoek verdekt schuitje hetgeen ons

127 1863 1866 129 echter niet verhinderde om de heerlyke gezichten aan weere zyde

123 1942 1816 119 van de rivier optemerken: daar de stroom zeer sterk was en wy

128 2012 1806 132 twee roejers hadden die gedurig werkten bereikten wij al

134 2074 1859 134 ras Schandan waar wy onzen gids sturm genaamd, dien ik ieder

130 2148 1880 146 veilig duaf recommanderen en waarover wy zeer te vrede zyn geweest,

122 2220 1837 147 aan land en toeiden verder zonder ons hier op te houden; met een
