2083 2540
201 5 1769 182 hy schryft zyne Romans nooit zelf maar dicteert die eenen anderen

193 146 1808 105 de kamersteeds op en neder wandelende, hi werkt soms aan twee en

191 212 1831 117 meerte gelyk en ziet nooit de proeven na: uitmuntend is dit landgoed op

191 276 1812 106 de helling van eene berg aan de oevers der Taale Gelegen en van het

191 328 1840 124 valion van het huis geniet men beloverende gezichten op Halle op

183 410 1811 109 de uunes van Giebichstein: toen de Franschen in 1813 over de Saale

180 475 1853 132 trokken, die hier eene kleine waterval vormnt, hadden de Russen zich

183 541 1864 127 in zyn huis verschanst en kanonnen in de tuin geplaatst waarmede

180 605 1793 130 zy de aftrekkende Franschen begroette den: deeze hadden toch ook

181 677 1829 120 menige kogel op het huis afgezonden waarvan men aan de muren

174 753 1815 117 detekens nog konde zien: zeer levreden over het de galle rxceptie

168 809 1848 132 van de Heer la Foutaine namen wy afscheid van Einte, en wandel

167 893 1807 124 den naar de Bergschenke eene herberg aan de over zyde van de

170 965 1794 135 Taale op eene berg gelegen en onder het dorp Knelwits behorende,

172 1036 1823 129 hier vonden wy volgens afspraak Pheiffer en Radelandt bij wien

171 1117 1867 114 zich nog een Oostfries, Schoneberg genaamd, een gevoegd had, na hier

176 1178 1875 129 len goed kopkoffy in gezelschap van veele menschen gedronken te hebben

180 1245 1816 143 voeren wy weder met een bootje over de F rivier, op eenige afstand

180 1322 1762 128 een aartig eiland het nachtegaal eiland genaamd bespeurende,

177 1382 1779 144 en beklommen de uine Giebrchstein van welke ontzettende hoogte

186 1445 1847 153 Lodewyk Landgraaf van Thuringen zoen hy gevangen zat in de Taale

179 1526 1865 164 zoude gesprongen zyn, alwaar hy door een boot gered was, van waar

179 1610 1837 148 hy Lodewyk de Springer genoemd is geworden. Hier is ook het huis

180 1679 1802 133 waar Reichard schriver van de quide des voyageurs en Europe

175 1759 1868 141 en meer andere werken voor twee jaren Gestorven is: capelmeester

172 1834 1861 146 van de Geweezene Koningin van westpehalen zynde had hij het onge¬

169 1909 1822 154 luk gehad van een stuk te spelen dat de Koning in zeer michaagd

168 1979 1876 153 had waarop hy van het hof verwyderd wierd zedert dien tyd leefde

180 2068 1789 129 hy hier zeer stel en een behoorlyk dat. Profr: Iaan van Berlin (de„

185 2127 1861 158 zelfde die aldaar de gymnastische oeffeningen in het tournooyveld

170 2216 1841 148 dirigeert) heeft zich hier in eene grot lange tyd voor de Franschen, die

172 2284 1813 129 vschuil gehouden daar deze hem overal te vergeefsch zogten hy had

198 2347 1824 146 zich in die tyd zeer sterk over deeze uitgelaten. Na hier nog en wyle

1929 72 103 90 94
