2083 2540
174 57 1756 155 van het huis van den doctor Gaertuer, die zeer zieh scheen, zagen wy

180 167 1835 102 mede eene schoone collectie vogels welke die Heer lid van de Witterauische

175 229 1843 109 sondert natusforschers te koophad; in het muscum mede aan gemelde

175 284 1856 116 dieteit behoorende t' zin ook veele stukken te koop waarvan Profs: van

179 346 1831 122 winderen ook gebruik maakte Daarna bragt ons de Hr Potter by de

188 409 1792 130 Jongen Kistil die zich zelven reeds een ramelik groot cavinck heeft

190 470 1828 135 verzameld en voor zyne jaren zeer bedreven schynt te zyn inde na

176 532 1844 145 tuurlyke hictorie waarover hy met de Heeren Temmink van Amsterdam

165 594 1845 141 Lichtenstein van Berlin druk correspondeerd. Na nog eene nieder=

169 666 1808 144 lage van Mineralen gezien te hebben waar men van kleine collecties van

166 735 1856 149 100 stuks (kostende 2 guldens) tot zeer groote verzamelingen toe kon uitzoeken

174 807 1814 152 en kopen, wandelder wij naar Philipstukie een half uur buiten Hanan

165 878 1776 145 gelegen: dit pales, dat alle aangenaamd aan den Main gelegen is,

163 941 1865 149 heeft zyn naam ontleend van Philyps laatste graaf van Hauan die het

161 1024 1847 138 het bouwen en na zine dood het Graafschap aan den Keurvorst

156 1093 1869 143 van Stessen heeft gegeven onder beding dat aldaar steeds de keur=

157 1165 1867 123 prins zoude wonen gelijk dan ook de tegenwoordige er revoren logeer¬

154 1238 1875 121 de: nu echter is het niet bewoonbaar en zich heter desolaat uit daar

155 1309 1871 115 het een tyd lang tot een Lazaret heeft gediend: Napoleon had en in zyne

159 1376 1841 124 tyd een geschenk van gemaakt aan zyne zuster Paulue doch

153 1443 1831 117 deze is er nooit geweest en liet alles door een Intendant admi„

155 1508 1856 135 nistreren. De wandeling van Philipszike naar Hanan is aller aange¬

156 1584 1795 105 naamst daar men aan de eene zyde de breede Main stroom

160 1639 1868 131 heeft, waarover men een ruim gezicht naar het darmstadsche geniet,

160 1712 1876 113 en aan de andere zyde eene rechs van tuinen passeerd waarin heer

156 1775 1823 118 lyke vruchtbomen: wij zagen er veele en schoone persike boomen op

157 1834 1860 142 stan waarvan de vruchten zeer smakelijk en goedlip worden ook

155 1897 1884 147 verhaalde ons de Hr. Potter dat de meloenen op de koude grond er

150 1967 1760 137 ook zeer wel groeden. Deeze Heer wiens vrouw in Gelderland

152 2036 1836 117 woont, predikt hier voor eene van talayke gemeente die het Hol„

155 2103 1831 125 landsch goed verstaat doch 't welk weinige spreken, ook zywer 2

154 2166 1815 121 Hollandsche Scholen: deeze colonie zou volgens zyn Ed meest ten

154 2236 1844 113 tyde van Alva het vaderland verlaten en zich hier neder gezet

147 2296 1887 137 hebben zynde altijd op zich zelven gebleven; ook waren er eenige familiëe¬

1917 58 83 93 152

0 459 171 106 tot ous

0 534 166 110 wrlyke
