2083 2540
413 1 324 63 personen

1897 41 73 69 25.

173 62 1791 129 ken en anders zullen wij en Gottingen schadeloos stellen, Zoo verre ik

159 139 1836 123 weet heb ik nu Cassel met ee rondgeweest en zondus deeze kunnen ands„

148 207 1858 123 gen wilde ik u niet nog met eenige weinige woorden nog iets van de

150 270 1649 131 stad in het algemeen en van deszelfs schoone pleine: melden.

152 331 1827 152 De ligging der stad is alleraangenaamst; de Fulda doorsuijdt de„

154 420 1846 120 zelve in twee ongelyke deelen die door de fraaije Wilhelms brug (peN.

155 488 1840 125 zynde 103 schreden lang & 42 120 breed onder Willem de H in 1783 begon¬

156 548 1804 113 nen en en 1794 voltoord, verbonden worden. Onder de verschillende

160 618 1848 125 groote en kleine gleinen, waarmede Casselpronkt, munten voornaam¬

154 688 1849 133 lyk de volgende uit het deipsicher plei even binnen de Leijisicher poort

154 762 1843 129 de paradeplaats en de Kasera plaats, eene byna vierkante 540 voe„

153 833 1842 135 ten vreede plaats, op de hoek van deeze pleinen vind men een voortref„

152 903 1772 131 lyk roffihuis uit een suite van 4 boven kamers bestaande van

153 965 1837 134 waar men het heerlykste uitzigt van de wereld heeft, verder

155 1041 1757 128 het Frederiksplein zinde een groot langwerpig vierkant

158 1098 1850 133 van 1000 voeten lang en 450 breed en omringd door eene dubbele

158 1168 1768 142 linden allee, het Koningsplein is circel roud, heeft 456 voeten

154 1238 1798 148 middellyn en pronkt met veele schoone gebouwen, eindelyk

157 1311 1832 148 het Karelsplen dat juist niet zeer groot is doch merkwaardig

157 1380 1772 176 wegens het daarop geplaatste marmeren veeld van den land

151 1461 1792 174 graafkarel die op het einde der 17=de Eeuw deeze zoogenaamde

153 1532 1862 155 boven nieuw stad voor de uit Franryk, om de herroeping van het Edict

153 1619 1823 151 van Nantes, gevlugte protestanten heeft laten aanleggen: op eenige

154 1687 1769 161 der overige pleinen stonden weleer ook standbeelden van andere

153 1760 1811 149 landgraven welke de Franschen alle hebben doen opmarscheren

153 1834 1845 139 behalven alleen het hier boven gemelde. — Onder de straten van Cassel

155 1908 1846 170 zyn de Konings en de Bellevnestraat beide in de boven nieuwstad

162 2006 863 117 gelegen verre weg de schoonste.

167 1994 1800 221 Dan myn Vriend het wordt tyd dat ik deeze sluite zy is nu ook eens

165 2137 1806 151 lang genoeg, myne volgende over Wilhelmshöke en de reis naar

156 2222 1485 152 Gottingen zoo wy die zonder tegenspoed volbrengen.

1296 2294 268 105 vale
