2083 2540
202 45 1724 151 magnifiek gebouw moet geweest zyn: dit heeft men nog aan de

197 132 1815 123 anschen te danken: de roermalige commissaris van oorlog of althans

195 197 1799 133 geamployeerde van het Fransch gouvernement was met zijn reke¬

197 259 1804 134 g in de was, verplaatste zyn burcan naar het Euighuis en drie

190 317 1796 135 gen naderhand stond het aan alle zyden in de brand: daar de

189 379 1796 154 aken gevel nog grootendeels staat zoude het misschien weder op=

188 450 1817 131 wouwd worden. Van de kerken hebben wy alleen den Dom gezien hetgeen een

189 514 1791 144 hoon gebouw is waar men behalve veele rombes eene zeer fraay

184 581 1792 154 werkte metalen Combe vindt te eerte eere van Besschop Ernst die

179 654 1774 145 daar begraven is. Wy zyn hier voortreflyk gelogeerd in het loge=

179 728 1767 155 ment zeer Stadt London waar alles uitmuntend is, dan tot nu toe

176 791 1765 161 hebben wij onze valiezen, die wy voor 5 dagen reeds van Gottingen

176 861 1816 151 verzonden en in dit logement geaddresseert hebben, met ontvangen

175 935 1818 151 wat er de reede van is weet ik met, er zyn na die tyd reeds twee wa=

178 1003 1764 170 gens van daar aangekomen: zoo zy er morgen niet zyn zullen wy

182 1075 1751 161 p aanraden van den postmeester maar vertrekken en ons zoo

181 1151 1818 165 goed mooglyk redden, hij dat verwagt ze met de wagen die morgen

177 1222 1804 166 woond moet komen en zal ze ons dan naar Berlin, alwaar

178 1304 1794 156 wij overmorgen hopen te komen nazenden: indien zulks eens

171 1383 1723 137 misliep zouden wylelyk gecopt zyn. Dan myn vriend het

172 1457 1852 140 zal tyd worden om deeze te sluiten: onze twee andere reisgenoten

169 1534 1806 135 komen zoo op het moment van Baunewyk aan, wij zullen ons

172 1599 1789 143 nu reciprogue onze fata Linds het scheiden verhalen indien en

172 1671 1828 164 dat zal voor het overige van den avond genoeg stof tot discours

170 1738 1787 174 opleveren, zyn zy zoo te vrede over hunne tour, als wy over onze

171 1815 1775 164 reis door het staatsgebergte dan twijfel ik niet of zy zullen ten

173 1903 1449 148 uitersten voldaan zyn. En hiermede vaarwel.
