2083 2540
1930 37 70 60 35

1631 41 154 77 Criets

207 46 1796 138 wy reden: gelukkig trok deeze miet nog even voor munden op & nimmer

164 132 1839 103 stel ik my voor een treffender gezicht by het aankomen van eene stad ge„

158 189 1855 103 zien te hebben, dan hier, wanneer men halverwege eene hooge berg zydende,

155 249 1833 114 de zich aan de regter kant nog oneundig hoger verheft, aan zine linker¬

146 306 1851 114 hand als in eene afgrond de Snelvlietende Fulda ziet met de bergen

146 361 1813 113 en zware bosschen aan de overzide waarint men Soms als ter sluijs

151 413 1822 138 het roode dak van een sneeuwwit huisje ontdckt: stelt in nuet van

148 478 1817 134 die hoogte de stad munden voor in een aller behoorlykstdal aan de

149 549 1832 130 zamen vloeying der Fulda en Werra, die dan vereenigd den naam

144 614 1816 137 van wezer aannemen, gelegen en gy zult is een zeer flaauw begrip

145 685 1867 146 van de aankomst in gemelde stad kunnen maken: wij alle waren er

146 755 1777 138 zeer door getroffen. munden, alwaar wy ons slegts een oogenblik

149 813 1845 154 hebben opgehouden, is het eerste stadje op Aannoversch grondgebied

150 893 1872 140 waarvan wy kort ze voren de grensscheiding tusschen het Hessische

150 961 1856 141 zagen. Daar de chanssezeer goed was hadden wi de dorpen uiter=

157 1030 1855 151 schede en Grone spoedig agter den rug en waren in het Stadje Drans„

160 1105 1791 133 feld aangekomen ook hier verhoefden wy slechts een oogenblik

162 1168 1823 146 doch een weinig langer by de herberg Knalhutte genaamd boven

163 1236 1825 160 op de laatste berg voor Gottingen gelegen van waar men een

162 1310 1794 153 heerlyk gezicht op deeze stad heeft: in het dalen van deeze

163 1389 1840 142 berg moesten wi weder, gelyk kort te voren geschied was, een

161 1456 1791 150 blok onder het achterste wiel hebben en dat het daar vry steil

165 1542 1813 136 afloopt zull gy wel willen geloven als ik w zeg dat de voerman

162 1604 1861 144 om alle verzogt alle uit de wagen te gaan hetgeen wij dan ook

159 1676 1783 147 uit vrees voor ongeluk deden, zeer bedroog ons hier de afstand

163 1750 1814 151 daar wy dagten Gittingen zoo zoo te zullen binnen zyden en

176 1824 1836 146 evenwel nog een geruime tyd moesten zyden. Gelukkig kwamen

171 1903 1789 134 wy toch hier om 10 uur aan zeer te vreden over onze voerman

163 1974 1847 140 die deeze 10 uur spoedig afgelegt had; met onze overige reis geno„

160 2046 1833 155 ten afgesproken hebbende om in het logement de Kroon te komen

155 2136 1343 119 lieten wij ons ook dadelyk derwaarts brengen.

152 2191 1874 148 Dan het zal tyd worden om deeze telindigen anders zal ik geen plaats

158 2279 1208 121 meervinden om het vaarwel te plaatsen.
