2083 2540
367 1 333 70 Personer

139 75 1851 157 wierden de paarden gevoederd van welk oogenblik wij gebruik maak¬

135 187 1805 113 om het wonderdoend Maria beeld, dat daar is, te bezigtigen. Dit beeld,

135 252 1821 121 dat zoo volgens de legende, uit eene groote lindeboom, voor de poor 't

134 310 1836 129 der stad staande, als eene jonge maagd is uitgegaoerd, en, nadat het

133 374 1858 133 in de kerk geplaats is, jaarlyks een onder voorkomen krygt, doet won¬

134 443 1842 117 teren en geweest alle krankheden zoo dat men van heide en verre komt

137 506 1847 125 in door de Leeve vrouw van Telgt generen te worden. In de capelvonden

134 565 1862 119 bij het veeld zelve niet maar wel eene menigte groote en kleine krukken

139 625 1860 129 stokjes enz door kreupelen, die hier genezen waren, agtergelaten even

149 683 1847 133 ils in de kerk daar digt by staande waar wy het beeld vonden geheel

147 747 1840 138 en al vercierd met penningen luiten enz op nieuw geentoureerd van

139 805 1852 154 te bewyzen harer geneezende Kragt doar de gansche muur der kerk

138 871 1830 162 het krukjes was behangen. Door een persoon van de postwagen wierd

133 957 1835 140 ons nopens dit veeld, het volgende verhaald dat namelyk voor 20

131 1022 1869 131 aren hetzelve voor de waarde van 20000 thaler aan zilver was besto

128 1094 1837 142 len; dat de dief, een Hessisch soldaat en vader van 10 Kinderen, gevat

127 1171 1837 133 zynde voorgewend dat de moeder Gods hem gewerkt had om haar

127 1243 1867 129 van die overtollige sieraden te verlossen & het voor zich te nemen;

128 1317 1874 131 het gericht net aan de wonderdoende Kracht van Maria duwe

127 1392 1830 136 de twyselen, had hem ij vrye voeten gestelt echter op doodstraf

127 1468 1818 131 verboden om ooit iets van de H. Maagd aan te nemen. Dit geheele

128 1536 1861 143 geval heb ik meermalen gehoord of het nu met dit beeld & op die

125 1613 1833 140 voet geschied is weet ik met: relata refero. Telgt verlatende

126 1679 1864 152 kwamen wy langs eene allervervelendste weg om één uur te wat¬

128 1766 1842 141 rensdorf de eerste station aan, een geruime tyd in gezelschap

133 1842 1870 150 gereden hebbende met eenige wagens gekwetsten en vermink¬

133 1916 1857 147 te Pruissen, die nu eerst uit de hospetalen van Holland & Bra

125 1995 1870 143 band, ter alwaar zy meer dan een jaar lang geweest waren, te

126 2075 1883 144 rug kwamen, het was akelig om alle deeze ongelukkigen te zien

126 2146 1835 132 In den Koning van Engeland gebruikten wi hier een ellendig,

127 2221 1825 120 schoon wel uit zes of zeven geregten bestaand, diner; ja mijn

121 2286 1889 149 vriend het zal zich op den duur wel schikken, maar voor het tegen
