2083 2540
1906 37 110 64 160

172 51 1841 143 nist aan de oevers van de rivier zynde zagen wij de Princes scheepgaan

167 137 1852 133 byhopen nog tegen den 24 dus in 5 dagen in den Haag te zyn. Daar er alle

159 192 1815 146 daag van Transfort naar Maintz een marktschip vaart, maakten

165 260 1850 140 wij van deeze gelegenheid gebruik en vertrokken daarmede om 10 uur

164 315 1844 149 gelukkig voor ons dat het weder zoo goed was en wy gedurende het gan¬

168 379 1855 145 sche traject boven op het dik konden zyn daar het van binnen zoo vol volk

162 443 1837 150 vooral van Joden en Jodinnen was, dat men het er geen oogenblik en kon

164 517 1801 118 uithouden: de sterke stroom en onze 4 paarden bragten ons al spoedig

169 580 1854 132 „het stadje Hochst waar de paarden Gevoederd wierde, en wy in de zwarte

164 643 1807 154 ter een goed dener gereed vonden waarvoor men met een half vles wyn

172 712 1837 140 achtien stuivers betaalt. Na Sweiserhans voorby gevaren te zyn zagen

174 789 1827 140 wy Hochheim en de Hockheimer bergen waarde beroemde wyn van die

160 854 1804 143 naam gekomt, dezelve doen zich zeer schoon voor, als mede het stadje

163 933 1824 152 lostheim in den revolutie oorlog zoo beroemd geworden. Om 3½ kwamen

161 1005 1811 138 wy daar waar de Main in de trotsche Ryn valt, zager daar die

156 1086 1831 132 treede stroom vóór ons, waarna wy zoo verlangden, dagen hier de

157 1160 1834 134 stad Manitz, die zich op dat punt schooner dan ooct vertoont, en

158 1231 1832 136 genoten door dit alles een onbeschryflyk schoon gezigt dat zich

162 1303 1859 126 met geene pien laat beschryven. met zeer veel moete konden wy hier

155 1380 1840 123 den stroom te boven komen, het schip wierd hier als in eene kleine Zee

156 1444 1867 143 bewogen, negen man waren continueel bezig eene grote riem in bewe

160 1514 1811 150 ging te brengen, terwyl een aanzal passagiers zich nog in een paar

160 1583 1827 147 bootjes, op zijde van het grote schip vastgemaakt geplaatst had,

156 1659 1831 135 ten om met Kracht van wegen van den main in den Rijn te komen;

157 1729 1836 152 eindelyk gelukte zulks en wy stapten om 4 uur hier aan wal even

158 1790 1857 146 als te Amsterdam door een partij Kruiers en sjouwers omringd die

160 1860 1835 163 zich aanboden de pakagie naar de logementen te dragen: een dier

151 1934 1867 155 menschen droeg op zyne schouders het coffertje van Hogendorp, onze

150 2002 1834 156 zes valiezen, een ander reiszak en nog menige kleinigheid alhet

157 2074 1791 171 welk hy tezamen gebonden had en zonder te rusten naar het

690 2173 244 71 bragt 't welk

154 2129 1887 194 logement de 3 Kronen ^ op eene geruime afstand van het schip bragt

155 2223 1868 159 gelegen is. voornemens zynde om morgen van hier te vertrekken was

162 2296 1827 166 natuurlyk onze eerste bezigheid om een kundigen schipper en een goede
