2083 2540
1928 70 67 70 49

213 81 1766 128 voort uit de hand legde, eenige stukjes van de groote graniet, (alle„

204 169 1778 100 door en jaspis steenen waarvan ik eenige heb medegenomen; doch dit ging

202 223 1815 105 zeer moeilyk in zyn werk want wanneer hij met onbegryplik veel

191 284 1803 111 moeite soms een klein stukje had afgeslagen, sprong het dikwijls zoo

176 351 1792 110 ver dat hy, na een tid lang te vergeefsch gezogt te hebben, weer

179 405 1832 106 op nieuw aan het werk moest. Nevens den zoogenaamden Hane

190 467 1796 117 tree en Koningsberg, die wy rechts zagen liggen, merkten wy een zeer

188 522 1835 139 sterkeecho op vooral toen wy aldaar een pistool afschoten hetwelk

188 594 1811 125 met eene vreeslyke drenning tot drie maal toe weerkaatst wierd.

191 666 1763 117 Nogsteeds langs dezelfde schoone weg zydende kwamen wy by

189 725 1777 137 de ramelyk groote val die het kleine riviertje de Oder, dat een

183 790 1846 130 loop van 7 uuren heeft, hier formeert wy stapten uit de wagengingen

188 850 1849 137 derwaarts en vonden onze moeite rijkelijk beloont, kort daarna

197 920 1767 149 berakten wy den Odterleich (zie N=o) zynde eene groote hoeveelheid

196 987 1822 121 waters 't welk aldaar door den oderdam wordt opgehouden & ook

198 1052 1809 141 tot de mijnen gebruikt. Aan de eene zyde was eene diepte van bo

190 1120 1805 142 voeten waarin de grootvader van onzen voerman met paard

188 1194 1843 141 en wagen was nedergestort waarvan hy als door een worder

179 1265 1788 168 goed was afgekomen zynde de paarden en de wagen ver¬

185 1329 1780 153 pletterd geworden: even voor deeze plaats hadden wi nog

175 1403 1853 143 een val van het water gezien dat van de bergen vloeide en het

181 1483 1836 149 zy door kunst hetzy van natuur dwars over de daar voor by

186 1551 1853 167 Sroomende Retiberger graven viel hetgeen een wonderlijk effect

186 1631 1714 162 deed. Nu hadden wij echter het schoone van de weg op en

191 1696 1827 156 moesten over een portie steenen al horrende en botsende zyden

194 1773 1823 154 id wy ongeveer 3 uur te Oderbruike aan kwamen: hier dank„

186 1854 1803 133 ten wy onzen voerman af die dadelyk terug reed, en namen

177 1922 1822 134 verder te voel de togt naar de Bloksberg aan: groot was de

180 2004 1809 147 verwoesting die de hooge sneeuw de vorige winter hier aan de

190 2079 1806 144 jonge bomen had aangeregt daar geheele streken ver deeze op

195 2150 1788 160 eene zekere hoogte geknikt waren. Tot zeer na bij den Broeken

197 2232 1781 150 genaderd verblydeden wy ons reeds in het vooruitzigt van

201 2310 1818 162 spoedig de berg zelve te bereiken toen wij op eens van Mayer
