2083 2540
1909 37 62 71 50

187 73 1805 162 hoorden dat wy nog eerst een bosch, dat naar onze gedagten geheel ter

174 155 1810 159 zyde aflag, door moesten, dan den Kleinen Brocken bestygen, van deeze

169 218 1822 156 wederom afdalen en z0o eerst aan het beklemmen der eigenlyke Broeken

171 286 1825 158 konden denken, hoe my en in algemeen ons allen uit de hand viel kunt

170 360 1838 165 gy ligtelyk begrypen; langs aan namen wy den togt aan, hetgeen men

178 426 1813 154 ons ten sterksten had aangeraden wyl het anders byna niet te doen

180 495 1781 183 is, reeds hier zagen wy eene plaats eenigsints dieper dan het omlig=

177 569 1795 154 gende gedeelte, waarin voor 5 dagen nog eene aanmerklyke hoeveel„

181 638 1773 166 heid sneeuw geweest was hetgeen men nog wel aan de grond, kos die

184 708 1775 180 geheel gesmart was, zien konde. In het zweet onzes aanschyns

186 760 1803 190 bereikten wy de lop der kleine Brokken, daalden met vryj wat

191 835 1767 185 minder moeite, evenwel somtyds tot over de Enkels door

194 920 1793 195 moerassen wadende, gedeeltelyk van dezelve af en begonnen

196 979 1796 197 nu den waren Bloksberg te beklimmen. Dat dit met ongeloof¬

192 1079 1755 191 lyke t' moeite gepaard ging zull gy ligt begrypen wanneer gy

197 1151 1822 189 de steilte der berg in aanmerking neemt; schoon zeer vermoeid zyn¬

195 1228 1820 192 de dorsten wy geen oogenblik stilstaan daar wy geheel bezweet wa=

194 1301 1841 195 ren en eene koude snerpende wind ons dan door merg en veenderen

186 1371 1843 194 drong zomtyds moesten wy zoch tegen wil en dank onzen risgenoot

196 1462 1741 202 A. wagten die den kryg niet kon volgen en die wy toch wagten

202 1511 1819 205 moesten daar het allergevaarlykst is zich zelfs op eene gerun„

197 1605 1763 202 ge afstand van zynen gids te verwyderen, onverwagt toch ka=

203 1682 1834 206 men op deeze hoogte door een wolk of dikke nevel omgeven worden

205 1749 1799 222 't geen dodelyke gevolgen zoude kunnen hebben, vermits men door de

205 1832 1806 214 overgroote konde bevangen wordt: er zyn veele voorbeelden van reize„

203 1912 1790 182 gens die op deeze wyze van hunne gedien zyn afgeraakt die geene

212 1981 1777 182 tien schreden verkonden zien en zich ook niet doen horen daar de

221 2060 1801 194 dikke nevel de stem geheel verdoofde: gij kunt er een merkwaardig

223 2139 1774 190 geval van leezen in het 2=de deel der brieven over Duitsland opbladz.

225 2220 1779 184 70 en volgende. Gelukkig troffen wy beter weder en kwamen zonder

225 2295 1797 202 palaliteiten tot boven op de berg alwaar wy by na magteloos
