2083 2540
1121 53 851 137 Dresden den 3 Augustus 1816.

716 175 276 161 Amice.

216 287 1756 178 Alvoreus in eenige merkwaardigheid van Daesden mede te deelen

197 406 1857 107 moetek en in weinige woorden onze reis van Leijisig herwaarts melden

196 475 1835 113 om u toch zoo veel mogelyk van al ons wedervaren verslag te geven.

191 542 1864 147 Ons vertrek op half vier uur des morgens bepaald zynde waren wij juis

183 641 1867 107 op de tijd gereed doch moesten tot kwart over vyf op een gedeelte van ons toe

182 704 1822 105 risgezelschap wagten dat in een ander logement gelogeerd was '& zich

179 766 1872 113 zoo danig had veragterd: onder het onophoudelyk gebrom van onzen voer„

175 820 1884 113 man Wuschman, die ons zedert Bealin reeds had gereden, verlieten wi dan

176 877 1886 116 Leijsich door de Grummische poort en de St Jans voorstad rydende: kort va

173 936 1852 119 ten de stad zagen wy de geregtsplaats op eene hoogte gelegen en door de

178 997 1871 117 Leijsigers noodt anders als Napoleonshote genoemd zedert dat de Eikei„

183 1060 1808 125 zer gedurende de batailje van seysig zich op deeze hoogte eenige oogen

176 1120 1857 124 blikken heeft opgehouden. De tamelyk goede chansse met vruchtdragende

179 1181 1799 117 bomen beplant bragt ons spoedig aan eenige kleine onaanzienlijke

178 1232 1854 127 dorpjes waarna wy by het stadje Wurz en eene zeer breede pont over

176 1301 1789 123 de mulda gezet wierden. Overal is het land uitmuntend bebouwd en

172 1357 1877 124 schyut van natuur zeer vruchwaar te zyn daar men uitgestrekte vlak

171 1427 1888 121 ten en onafzienbare velden met uitmundend graan beladen ziet: In het

177 1491 1875 136 kleine stadje Oschatz vonden wij een allerellendigst diver doch konden

183 1554 1827 131 tot ons geluk uitmuntende vereen koper van welke gelegenheid

181 1621 1861 136 wij ook ter dege gebruik maakten: na nog eene reeks kleine dorpjes

186 1691 1852 139 en sleden gepasseerd te zyn kwamen wi weder op het onverwagts aa

179 1755 1843 124 de Elve: groot is nu ook de verandering die men bespeurt daar het

180 1821 1823 128 tot nu toe zoo vlakke land in eene bergachtige streek overgaat

179 1886 1870 131 die de rivier soms als geheel incluit: de weg loopt nu gestadig langs

174 1966 1837 144 dezelve en soms heeft de men de Elve als onder zuh: schilderagtig

174 2038 1864 121 vertoonen zich hier en daar eenige huiren en dorpen tusschen het

179 2104 1853 120 groen der bomen en waarlik verrukt over al wat wij zagen reden wij

178 2174 1874 127 de stad Meissen binnen (zie N:) waarvan wij het boven op eene rots gelee¬

173 2246 1877 139 gene fort reeds eenige tyd gezien hadden; in hetlogement de Gouden zon
