2083 2540
166 73 1825 122 by een posthuis op de greuzen van Alt-Prenssen gekomen moesten wy de visi„

152 132 1814 124 latie ondergaan doch, op onze verzekering, dat wy geene verbodene waren

1942 84 68 80 86.

155 208 1881 110 by ons hadden, liet men ons ongemoedd gaan. Te Brucke, alwaar wi den nagt

155 274 1836 109 in de herberg by den Heer Burgemeester doorbragten, waren wy ook zeer

153 338 1850 108 slegt, moesten ons met een ellendig viersoupje tot souper vergenoegen en

153 403 1822 101 konden alle geene bedden bekomen zoodat la Faille en ik op de

158 464 1844 113 grond sliepen: het gansche traject van Berlyn naar Dessau is aller

154 525 1857 123 akeligst de wegen zyn slegt en onder goede herbergen vind men tusschen

157 596 1845 117 beiden ook niet. Nog al tamelyk wel op het harde leger geslapen heb

154 663 1874 130 bedde verliet ik de volgende morgen om 5½ uut het akelige stadje Bruike

152 732 1866 123 wy hadde wegens het zwaare zand voorspan van hier medegenomen,

147 802 1846 119 daaroy echter over verscheide, bergen moesten, vorderden wy slegts

152 879 1840 108 zeer langsaam zoodat wy niet voor één uur, na verscheiden kleine

138 948 1879 121 onaanzienlyke dorpjes gepasseerd, te zyn, te Bergfrieden aankwamen

148 1020 1810 106 hier alen wi rivier kreeften die vry goed waren doch die men dus

149 1084 1768 108 ook goed liet betalen. Achter het dorpje Hundslucht kwamen wy

143 1154 1829 120 in een donker bosch van hemelhooge eiken en sparren van waarwy

140 1222 1829 111 op het onverwagts in eene schoone allee van alacia boomen re¬

146 1287 1855 124 den; daar er echter wulle rose sans epine is wierden wy hierdoor

142 1357 1851 132 zulk een gedugt onweder en zulke zware stortregens overval

150 1436 1771 125 len dat wy naauwlyks tyd hadden om de wagen digt te

149 1518 1833 119 maken; gelukkig dreef de vie nog alspoedig af en hadden wy

154 1590 1794 117 het stadje Roslan bereikt, waar wij wat schuilen konden.

147 1660 1776 136 Aan de andere zyde van dit plaatsje is de weg met populeeren

143 1730 1782 125 en Keusebomen, waarvan de vrugten schoon heerlyk op het oog

144 1804 1851 127 zeer zuur smaakten, beplant, dit duurde tot wij aan de Elve ge=

142 1875 1810 113 komen waren: wy voeren met een pont over dezelve doch te voren

148 1949 1851 120 moet hier eene brug geweest zyn waarvan men de overblyfzels

146 2013 1850 128 nog kan zien. Thans waren wij nog ¾ uur van Dessan verwij¬

149 2092 1764 114 derd dan hoe kort viel ons deeze tyd daar de weg als door

155 2164 1808 123 een tuin loopt zynde aan weerszyde. met vrugtdragende

153 2239 1805 124 appel, peer, pruim en kenseboomen beplant waar tusschen het

148 2313 1879 142 dagte groen de racacca's en het schitterend rood der lyste bezieen

0 576 132 119 1816.
