2083 2540
692 211 519 169 Waardste vriend.

185 342 1841 144 met een Leypsiche voerman, die eene goede verdekte korfwagen voor 8 perso„

190 435 1841 119 nen had en dien wy tot stalle voor 43 daalders hadden aangenomen, vertrok„

186 504 1817 116 ken wij den 25 Julij uit Bealin: de Potsdammer poort uitzydende passeerden

189 565 1841 111 wyj tot Polsdam dezelfde uitmuntende chanssé die wyj reeds eens gereden

185 621 1831 121 hadden te weten over Sedlits en zehlendorf: hielden ons te Potsdam slegts

180 689 1817 128 zoo lang op dat de paarden wat gevoederd wierden en vervolgden

183 755 1834 133 toen onze weg onder vrugtdragende appelbomen bylangs de wegge¬

185 820 1758 124 plaats gestadig tot Baumgartsbruike, alwaar men weder over de

179 884 1832 151 Stavel rydt. Heerlyk is deeze herberg, waarwy ons toen stil hielden, ge=

177 962 1829 127 legen hetgeen wy op ons traject van Brandenburg naar Potsdam uit

176 1028 1846 131 hoofde der duisternis niet opgemerkt hadden: van voren heeft men

173 1099 1810 131 een uitmunderd gezicht op de Snelvlietende Havel, waarin zich het

171 1170 1835 123 land dorpje werner op een eiland gelegen alles romancks voor doet,

174 1239 1838 117 over de brug is eene gedurige passage van gaande en komende ry„

173 1303 1850 131 tuigen die meest alle by deeze herberg aanhouden: vlak agter dezelve

172 1377 1865 124 is eene zamelyk hooge, van onderen tot boven met wijnstokken beptante

172 1457 1789 128 berg, de eerste die wy tot nu toe zagen, en die veel vrugten beloofden.

174 1513 1849 133 zoo uitmuntend als de ligging was, zoo slegt was het diner dat

171 1594 1823 129 wy hier genoten, want op ons verzoek (wy hadden eenige vischkaren

172 1673 1851 122 in de stavel gezien) dischte met ons visch met aardappelen op, waar=

170 1739 1846 124 van de eerste niet te een was, zynde met uijen, vier en oly gestooft

170 1811 1809 128 terwyl de aardapels zoo uit de grond in de ketel en dus ook

167 1867 1862 135 niet lekker waren; dan horger maakt raauwe boven zoet en van de=

165 1938 1871 151 ze aardappelen consumeerden wy nog al vry wat. Na nog eenige tyd

163 2008 1865 148 de chanssi gevolgd te hebben draarden wij lings af naar Glindor

169 2083 1822 148 van daar op Bliesendorf, welk dorp onlangs geheel scheen afgebrand

170 2166 1834 149 te zyn, zijnde men overal druk bezig om het weder op te bouwen:

170 2246 1834 136 voor kleiste brak ons weder deas doch onze voorzigtige voerman

175 2302 1841 164 hader nog een in de wagen zoodat de ramp spoedig herstelt wierd:

1399 37 638 157 Halle den 27 July 1816do
