2083 2540
205 9 1813 182 Onder de menigvuldige namen met zwarte verf op de muren en op 25

200 132 1807 138 het gewelf geschreven vonder wy veele Hollanders onder anderen

193 182 1820 149 een gansch gezelschap uit Amsterdam: dit schryven is soms wel met

193 246 1811 136 gevaar verbonden zoo zagen wi toch de naam van eenen Metscheike

190 317 1785 151 slechts half geschreven daar die heer wiend op een der hoogste hier

192 381 1802 145 voorhanden zynde ladders geklommen met dezelve was neerge

192 445 1723 148 slagen en dood op de grond gevallen. In de muren der Kukstal

188 512 1865 142 beklommen wy weder eene naauwe trap waar mien slechts ééne voet

190 591 1804 142 in de breedte kon nederzetten en kwamen zoo door eene sieuf even

183 664 1851 132 als of de eene rots van den anderen was gescheurd geworden boven

178 746 1811 124 op het genoemde gewelf in het Sneider en Praffenloch te voren ook al

181 809 1788 127 beroemd wegens het oponthoud van rovers; in een dezer holen Kan

178 885 1794 126 men niet als plat op de buik inkruipen vervolgens als het wat

173 951 1787 143 ruimer wordt recht opstaan en dan eene ladder beklimmen. De

181 1024 1850 122 groote Winterberg, die wy op eenige afstand zagen, zouden wy graag

177 1094 1841 138 nog beklommen hebben doch daar het reeds zeven uur was besloten

174 1162 1832 138 wij maar na een goed heen komen om te zien daar men hier aan geen

177 1231 1842 129 herberg behoeft te denken: onze geds bragt ons naar de Lichtenhai„

179 1302 1809 150 nermuhle ¾ uur van de Kukstal gelegen waar de revzigers wel

172 1376 1798 133 meer den nagt doorbrengen: men ontving ons hier ook wel en

173 1443 1836 143 kookte ons wat aardappelen welke wij echter met vrood en melk

178 1522 1825 140 doch zonder borden of vorken consumeerden. Ons gezelschap zoo

180 1594 1792 141 zalryk zynde kon men ons geene bedden geven zoodat wij den

179 1663 1790 157 nagt op eene van boven bedekten doch aan de zyden geheel

179 1728 1841 166 openen hoogberg doorbragten waar wy door middel van een lad

177 1810 1800 141 der opklommen. Des nagts hadden wy een vreeslyk onweder

174 1886 1801 140 zoodat wy by ieder bliksenstraat als geheel in vuur waren;

171 1956 1871 140 de donderslagen duurden zeer lang en wierden gedurig tusschen de

174 2032 1816 148 bergen terug gekaatst: met dat al sliepen wi, waarschin:

178 2101 1814 155 lyk uit groote vermoeidheid, nog al zeer gerust en bekreuwden

175 2177 1834 152 ons weinig over eene portie jonge katten die op het hooy rond

175 2251 1873 147 kropen over eenige ganzen die het buiten in de regen te benaauwd

177 2330 1838 155 kregen en hunne stemmen lieten horen, noch over eenige hanen
