2083 2540
161 20 1757 216 berucht op alle universiteiten wierd hy hier geduld; zedert zes jaren

162 165 1769 117 why niet in Holland geweest en Hartog in geen twee jaren hebbende ze

167 230 1819 113 it Paarch ook geen tyding van huis gehad zy toonden zich zeer nieuws

159 284 1828 142 nig om iets over het vaderland te horen, Hartog sprak het Hollandsch

170 348 1808 158 „schoon zeer Gebroken, doch Rroest kon geen woord in die taal uitbren„

172 407 1802 151 en geen wonder zy zyn hier de eenigste Hollanders, en verschillend

171 469 1828 155 numeur zynde, hebben zy onderleng weinig conversatie en volstrekt

170 552 1738 144 ene Hollandsche lectuur. In gezelschap van deeze twee steren, die ons

172 618 1734 142 zonderling vroegen, of wy tot Gottingen toe ook het reisje van eenen

157 685 1781 137 wissen van Swinderen, die ook uit Groningen moeste geboortig zyn,

152 760 1732 133 volgd hadden, en vrij vreemd opheken toen wy zeiden dat die

148 828 1729 145 wisse persoon onderons was, bezogten wij de bibliotheek

157 893 1819 141 de verzameling van natuurlyke historie: tot het eerste verschaf

155 965 1775 144 Professor Gulden apfel ons den toegang, zy bestaat uit 50, 000 van

149 1032 1823 147 en doch bevat behalven de mannscripten weinig byzonders en niets

147 1102 1751 154 nieuws: alles is zoo ingericht en geschikt als het door aankoop

143 1173 1845 141 van verscheiden bebliotheken en door legaten is te zamen geflanst

148 1245 1812 140 zoodat er geene de minste eenheid in het geheel heerscht. De twee

155 1314 1773 148 alen zyn vercierd met pourtracten van Ienasche Hoogleeraren

149 1388 1787 125 waaronder veel mannen van naam, als mede een powrtract van

144 1450 1745 138 Luther, wiens levensbeschryvenis met ontzettende fyne letters, die

147 1509 1817 142 niet dan met een sterk vergrootglas kunnen Gelezen worden, in des„

145 1584 1849 149 zelfs hairen geschreven is; op eene geringe afstand zoude men het voor

143 1653 1847 137 zer natuurlyk geschilderd hair houden. van deeze man is hier eene

147 1720 1827 150 bybel waarbij hij eigenhandige kanttekeningen gemaakt heeft, zyn

146 1799 1795 148 levensgroot koperen standbeeld wordt in de stadskerk gevonden

146 1868 1838 145 dit was voor zyn grafte Willenberg bestemt, doch de Ienaers heb

146 1944 1830 145 ben het hun afgenomen en in hun kerk geplaatst; voor het overige

145 2021 1777 141 vindt men nog op de biblotheek eenige schoone Fransche bybels

159 2095 1757 133 met gelaten van Lucas Cranach en eene heerlijke op perkament

151 2163 1803 146 geschrevene en geschilderde bybel welke de Keurvorst Ioan

149 2241 1843 142 George Steeds in zine Gevangen is gebruikt had: hier is ook de

151 2317 1849 148 draak een van de Septem miracula Jenle zoo als Nicolai in zy=

1857 69 92 60 135
