2083 2540
0 108 107 92 8.6.

0 620 99 108 22

0 1427 130 125 1816.

198 21 1785 208 De volgende dag te weten gisteren vertrokken reeds vroeg lydig uit Cassel

186 171 1845 118 de Heeren de Geer, Tydeman en vanSwinderen als hebbende toen alles in die stad

176 216 1843 131 gezien wy echter zyn tot van de morgen nog aldaar gebleven, eendeels om nog

172 305 1838 93 ware het mogelyk het observatoruim en het modelle huis te zien hetgeen

169 354 1819 129 ons echter niet gelukte, anderdeels or wyl Hogendorp nog gaarne een

168 426 1819 101 dag met den Heer van Assen wilde doorbrengen, met welken zyn Ed tot

169 483 1789 125 dusverse gereist had en die met den Heer de Geer, die over twee

175 553 1835 124 dagen weder naar Cassel deukt te vertrekken, naar 't vaderland zal

174 626 1840 124 retourneren. Schoon zeg ik wy en ons gemaakt plan omtrend te de sterre„

172 698 1827 113 wagt gefrustreerd wierden, hebben wy toch geen verouw over de door

173 761 1820 136 gebragte dag gehad als hebbende nog uitmuntende wandelingen

171 828 1793 133 in en om Cassel gedaan voornaamlyk in de drie Garten, doch het

176 894 1832 136 weder was dien dag zeer ongunstig anders zouden mij misschies

178 965 1780 141 nog eens naar het behoorlyke Wilhelmshöhe gewandelt zyn.

173 1037 1832 142 op onze kamers hadden wylen heerlyk gezicht over dat gedeelte

169 1113 1850 133 der stad, 't welk aan geene zyde der Fulda ligt, over de Are gar=

165 1189 1784 132 ten, de Orangerie en de bergen die zich achter hetzelve bevinden.

164 1251 1833 156 zoo dat wy hierdoor eenigzints schadeloos gesteldt wierden. Des

174 1334 1845 129 avonds bestelden wy nog een rytuig, waarmede wij heden mor¬

177 1397 1786 133 gen om 4 uur, na afscheid van den Heer van Assen genomen te

182 1470 1838 128 hebben, die ten onzen gevalle reeds voor drie uur was opgestaan,

181 1549 1815 133 Cassel verliezen, zeer te vreden over het logement, de bediening

175 1614 1772 152 luz. De weg die wy hadden afteleggen had men ons als de

190 1686 1787 153 schoonste beschreeven die wy mogelyk op onze gansche reis

186 1770 1859 156 zouden hebben, hoe veel stelden wy dus ons daar niet van voor

185 1843 1850 164 wy hoopten de zon in al zyn pracht te zien opgaan en duizend

183 1924 1832 155 andere dingen, dan ach eene dikke nevel, waardoor wy geen

187 2006 1857 145 tien schreden verkonden zien, vergdelde dit alles, wij konden

181 2091 1811 126 dus het schoone gezicht op Cassel, waarvan in de wandelingen door

179 2165 1846 134 Duitsland 1 deel bladz 223 met zoo veel ophet gesproken wordt, niet

183 2235 1821 145 zien noch ook de dorpjes Wolfensanger en Bökshausen waar langs
