2083 2540
192 95 1858 141 dat wij niet veel moeite bekwamen, gedronken te hebben, verliezen wy om 47 150

188 179 1854 130 Iuur Boellar, kogten van een jonge eene groote kwantiteit aarbeyen on

186 247 1837 127 welke te bergen hy ons zeer handig van de natte schors eens esschen¬

185 311 1844 113 booms een mandje maakte en kwamen om 4¾ uur te Hunefeld waarwi ons

190 364 1845 124 een oogenblik ophielden om verder naar Fulda te ziden, alwaar wij steeds

191 427 1841 130 langs eene goede chansse van Eisenach af rydende om 8 uur arriveerden &

184 493 1830 129 het logement de star betrokken. — De korte tyd, die er nog voor donkeren

177 548 1841 131 overschoot, besteedden wy om de stad wat door te wandelen by welke ge

176 616 1855 137 legenheid wy het Park en het residentie slot zagen en de ruime & vreede

173 671 1842 147 straaten opmerkten. De domkerk is een zeer regelmatig en groot gebouw

172 745 1855 126 van voren met twee en van achteren met eene hooren voorzien terwyl

173 814 1873 123 zich midden uit het dak eene groote koepel verheft: van de St Michel

176 888 1864 119 kerk houden wy volstrekt geene gelykenis met de Iernealemsche tempel vinden

179 964 1529 121 hetgeen anders in de Guide des Voyageurs wordt opgegeven.

178 1009 1849 162 Gaarne vroeg in Hanan willende zijn ten einde nog dien avond het een

179 1114 1871 122 en ander aldaar optenemen, hadden wy bestelt ons zeer vroeg te wek

171 1175 1853 123 ken en dagten om 3 uur te zullen vertrekken dan onder gewoonte ver=

169 1228 1874 121 sliep zicdh ieder in het logement want om 4 uur wieder wy van zelve

167 1287 1877 125 wakker en kouden dus niet voor 4¾ uur vertrekken. De eerste plaats

165 1350 1847 127 waar wyj aankwamen, was Neuhof, zynde de eerste station: onze

163 1408 1874 122 voerman, die door de groote haast niet onteten had; smeerde hier een

163 1468 1829 120 stuk brood met iets dat ik in den beginne voor boter van eene bleeke

168 1524 1884 129 keur hield en dat hy zout vermengde, het overige wikkelde hy zorgval„

167 1596 1844 127 dig en een papier stak het in zyne zak en smeerde kort daarna

166 1659 1876 139 met hetzelfde goed, 't geen toen bleek vankens reneel te zyn, de rade

162 1729 1846 136 ren van den wagen zoo dat hy zich van hetzelfde zeer encononisch

167 1801 1848 138 tot wagenemeer en boter bediende. Na Fledore gepasseerd te zyn

168 1868 1879 125 kwamen wy te Taalmunster welk dorp even als de volgende sta=

168 1940 1817 132 tion, sluchteren genaamd, Stespech is, dan tot onze verwondering

167 2004 1830 139 waren wy kort daarna op Beyersch territoir te weten in het dorpje

167 2076 1884 119 wilhem om oogenbliklyk daarna te Geluhauzen weder in het keus

164 2140 1883 127 tespischie overtegaan zoodat dit land ook al vreemd door elkanderen

166 2203 1845 130 ligt en voornaamlijk in het artikel van munten groote onaange¬

156 2264 1814 123 naamheid veroorzaakt, daar men menigmaal het geld niet kan

156 2337 1878 132 uitgeven dat men in eene voorige herberg eenige oogenblikken vroeger

0 1047 177 106 1816.
