2083 2540
198 69 1759 135 vrouwen en de wreedheid op het gezicht der soldaten was zeer goed uite

194 158 1853 123 gedrukt. De volgende kamers waren gevuld met nagemaakt Chineesch

195 214 1836 125 Hetrurisch en Iapansch porcelein, voorts zag men hier nog eene menigte

197 277 1857 140 chineesche afgoder ofliever monsters, een Confitius, een portie knikkebollo

192 342 1855 136 die hoofd, armen tong, de bewogen. Hier zagen wy ook eenige kunsstukken

196 415 1798 126 uit de porcelein fabriek te Seire bestaande uit een servies van borden en

200 483 1765 140 een toffy en thee servies benevens 2 Groote vasen door Napoleon en 1809

197 524 1835 163 aan den Koning van Saxen, toen deze in Parys geweest was, ten Geschenke

189 612 1835 157 gegeven: de borden waren voortreflyk geschilderd, op ieder kopje was het

190 694 1791 130 afbeeldsel van de een of ander groot man uit de Fransche historie

186 763 1803 144 hetzy als krygsteld zoo als Tureure of als geleerde zoo als Buiffon en

181 826 1801 145 andere dit was ook uitmuntend geschilderd: op een der vazen ziet

188 898 1825 165 men Bonaparte zelf een Lazaret of hospitaal, waarin gewonde sol„

182 968 1851 157 daten zyn, bezoekende en op het andere is hy te paard afgebeeld

182 1045 1861 155 terwyl men een gevangen Russisch en Oostenryksch Generaal voor

183 1139 1024 153 hem brengt: op de andere zyde staat

483 1205 1032 134 Honneur en courage malheureux

188 1254 1844 162 de Koning van Pruissen heeft, zoo men zegt, een dergelyk geschenk out¬

187 1348 1796 133 vangen: zonderling stak by dit prachtige werk de Delftsche

382 1427 244 66 fals ook eenig

188 1413 1852 139 fayente en ander porcelein over de z0o jaar oud, en daardoor zeer agter„

196 1492 1779 139 lyk. Na nog in eene volgende kamer een porceleinen drinktavel,

190 1556 1845 156 waarop allerhande spreukjes en versjes op wijn en dronkenschap

190 1629 1781 159 toepasselyk, gezien te hebben verlieten wyd begaven wy ons uit

189 1698 1841 161 de verzameling om in een afzonderlyk vertrek agter de bassecour

191 1795 1854 148 eenige schoone naar Schilderyen van Raphael bewerkte tapelen

197 1870 1854 144 en eenige kunstiget van veren gemaakte dekens te bezien deeze laatste

184 1946 1782 133 waren door Meyuanen Geweven: hier zyn ook eenige fraaye hoofden

187 2021 1833 156 in mozaik eene zeer groote plaat van porphijs in eene van Speksteen

184 2101 1809 163 De Bibliotheek op de derde verdieping van het zelfde gebouw bestaat

184 2203 1777 111 iit 23 kamers en 3 zalen eene van welke ik meer dan 10o schreden

191 2264 1849 120 langvond: dezelve bevat de boeken, bestaat uit 200, 000 van den behalven

194 2329 1862 127 eenige duizenden mannscripten en een onnoemlyk aantal brochure/ lig
