2083 2540
152 53 1816 162 en wiens zware deksel door een hefboom wordt opgeligt men vind

150 170 1852 114 op dezelve het jaar 1527. In eene der staken van de kerk hangt nog de

156 238 1832 108 groote izeren Kroon der graven van Zutphen, te vorenning dezelve

150 302 1839 105 midden in de Kerk. Op het koor wordt eene oude stoel bewaard welke

141 350 1822 138 men te voren by ontstane twisten over het leenregt op eene zekere

150 429 1862 119 plaats buiten de stad bragt om vervolgens van dezelve uitspraak

158 497 1794 119 te doen: hier ziet men ook eene bibliotheek waar eenige boeken

154 564 1843 115 meest folianten alle met kettingen aan de lessenaar zyn vastge„

152 634 1846 127 klonken; de duivel zou deeze plaats eens bezogt hebben want men

152 704 1827 139 toont in de harde steenen vloer het duidelyke afdruksel van

154 781 1845 139 zyne voet die hy gewis wat sterk op die plaats heeft neergezet

146 854 1854 144 daar er maar een dusdanig prent is afdruksels zin: ja het

135 935 1847 126 ontbreekt hier niet aan wonderen men bewaart er ook een jonge

153 1009 1860 131 haay door een waterhoos opgenomen en op het dak der Kerk neder¬

153 1081 1872 131 gevallen, en andere dingen meer. onze kennissen deden ons gedurende

153 1154 1840 142 ons kort verblyf en zutphen veel plaiseer door ons op de schoone

160 1228 1817 135 ocieteit te introduieren enz: by den Heer van Heeckeren hebben wi

154 1302 1800 143 gedineerd en daar deeze Heer voor 7 jaren, in geselschap van de

149 1363 1826 141 teren van Swinderen en overige schrivers van de meermalen door

152 1441 1847 150 my aangehaalde brieven, een gedeelte van ouze reis had gedaan

153 1513 1765 145 ontbrak het ons geenzins aan stof tot diccours daar zyn Ed

152 1593 1846 141 ver die plaatsen ook kon medepraten en er nog gaarn van hoorde

155 1667 1817 143 ongemerkt was dan al het uur gekomen dat wi tot onze afreize

157 1742 1823 134 bepaald hadden en na afscheid van zijn Ed genomen te hebben

148 1814 1790 160 leden wy met een zeer goede Kiereboe over Gorsel langs eene

153 1888 1756 153 zeer zandige weg naar Deventer alwaar wij in het logement

138 1985 1142 123 dehalve maan onzen intrek namen.

155 2035 1806 157 In gezelschap van den Student Themmen, aan wiens huis wy

157 2139 1738 125 eene visite deden en waar wij zeer gul ontvangen wierden,

139 2202 1869 141 „leden wy de volgende morgen eene wandeling door en om Deven„

154 2284 1744 143 ter bij welke gelegenheid wy nog veele door de Franschen
