2083 2540
197 83 1793 137 De academie van Leipsich (waar thans 1200 studenten zyn waaronder eene

187 174 1854 120 menigte apothekars enz ook gerekend worden) heeft algemeen de naam dat er

187 236 1842 137 zeer weinig gestudeerd wordt en dat de studenten hier meer petits maitres

191 306 1842 123 dan wel kwekelingen van Minerva zyn: overal toch waar wij ons voornemen

191 357 1818 135 tekennen Gaven vm de universiteit van Leijnsich te bezoeken zeide men ons

192 423 1819 154 op daar zult gy niet veel vinden: al aanstonds vonden wy ons indat

192 491 1778 127 gevoelen versterkt daar een onzer zich ommidlyk na onze aankomst

197 560 1859 138 by den Pedel vervoegde ten einde nog dien avond eenige ordines lectionum

189 635 1807 148 te bekomen om niet eenige collegiëen, die men voornemens was bijtewonen

184 698 1787 143 en mooglyk wel om 5 a 6 uur des morgens gehouden wierden, zoo als te

183 769 1830 139 Gottingen het geval was, te verzuimen, waarop de Pedel uitriep myn God

184 843 1838 139 de sludenten komen immers bij dag net op collegie en zouden zy er dan

175 917 1843 137 bynacht komen? dan zoo erg is het niet, op de collegiëën, die wy by woonden,

185 982 1823 142 was het steeds zeer vol en stil, by Prof=s Politz onder anderen was byna

187 1051 1852 150 geene plaats te krygen toen deeze op zyne collegie de theoria & hictoria pro„

190 1135 1795 128 sae, poercos & chetorices Een Schoon stuk over de Duitsche proza en Rhetorica

182 1208 1846 116 behandelde: Behalve het observatorium zagen wy hier niets tot de acade

178 1272 1801 140 mie betreklyk, zynde de bibliotheek van geene de minste marque

181 1329 1801 143 Hier is ook een doofdommen institunt waarin thans 29 kinderen

181 1399 1822 159 zyn men schynt hier van een geheel ander principe uit te gaan als in

184 1466 1859 168 ons Groninger institunt daar men zich hier veel meer op toelegt om de

184 1539 1843 147 Kinderen te leren spreken waarin sommige het vry vergebragt hadden

185 1618 1816 162 onder anderen een jongetje die hier naauwlijks ¾ jaar geweest was

183 1679 1809 173 en zeer verstaan baar sprak hy scheen bijzonder vlug te zyn: men neemt

178 1757 1808 155 de kinderen hier van hun 7de tot hun 14=de jaar aan, zy betalen jaarlijks

180 1828 1771 153 130 Thaler en 20 thales voor het onderwys, zy moeten 6, 7 of 8 jaar

177 1891 1864 164 blyven en alleen in buitengewone gevallen kunnen zy het niet stunt

171 1969 1860 151 vroeger verlaten. De St Nicolaas Kerk is uit en iwendig zeer fraay men

185 2038 1833 149 vindt in dezelve eenige goede schilderyen van Oeser, in de St Jan Kerk

177 2111 1870 160 buiten de stad zelve doch in de voorstad van die naam gelegen vindt me„

167 2180 1843 171 een zeer fraay gedenktaken voor den Gellert door eenige zyner vrieu„

171 2268 1824 167 den opgericht op eenen Sarcophaag leest men de volgende woorden

0 255 132 97 geeve

0 328 89 79 ul¬
