2083 2540
199 95 1816 116 gewezen hadden dat Hunne Majestedten op dat punt zich bevonden

199 168 1836 112 zouden zij dezelve zeer ligt alle 3 hebben hunnen treffen: de Profs: die

192 228 1849 117 hier voór een zeer geloofwaardig persoon wordt gehouden, verzekerde

186 294 1838 101 om dat het eene daadzaak was: verbeeld in eens myn vriem, dat zulk

188 354 1864 107 eene noodlottige gebeurtenis had plaats gehad welke gevolgen had de

191 409 1864 129 zelve niet kunnen hebben. — De brug reeds gesprongen zynde tragtte

196 478 1832 112 vorst Soncatowski, schoon reeds drie wonden bekomen hebbende, door

193 536 1819 117 eene tuin te ontkomen en zwemmende den Elster te passeeren dan dit

185 605 1847 113 mielukte; aan de andere oever gekomen had zyn paard de kragten niet

181 669 1870 119 meer om dezelve te beklimmen en hy verdronk in dezelve: wy bezogte

180 728 1868 123 dezen schoonen muin thans aan den rijken van kier Eicenbair toekomend

173 791 1851 113 en vonden op het eind van dezelve, daar waar de vorst tepaard in de

170 858 1870 123 rivier sprong, een eenvoudig monument in de gedaante van een piedestal

175 922 1821 123 hem door een Pool opgerigt: schoon geheel en al met namen van zyne

174 978 1860 117 landslieden beschreven en bekrabt leest men aan de eene zyde in het

179 1049 1721 117 Russisch en aan de andere zyde in het Zatijn de volgende regels

199 1117 1705 120 Hic in undis Elystri Josephus Poniatowski, princeps, Summus

292 1190 1570 101 exercitus Polonorum praefoctus, imperii Gallici Marechallus.

343 1247 1449 109 tribus vulneribus lactifenis acceptis, ultimus exacie

405 1317 1255 108 distedeus, dum receptum magni Gallorum

510 1386 1066 128 exerectus tuctus vila glorice & pa¬

622 1464 835 129 triae sacrata functus ect.

432 1520 1263 159 Die 19 Octobris 1813 auno actatis impleto 52

218 1594 1760 172 Topularis populari duli miles hoc monumentum lacrymis suis

754 1713 574 115 ivrigatum posuit

583 1741 897 156 Alexander Roznieck

191 1819 1838 184 Dat door de storm de volkryke stad en door de batailje zelve de omme

167 1953 1812 110 streeken van deypzig in de gedenkwaardige dagen van den 16, 17 en 18

163 1996 1870 132 October 1813 important geleden hebben kuntgy ligtelyk begrypen intusschen

172 2077 1834 106 merkt men er weinig meer van. — Leijdig is vooral beroemd door

174 2134 1842 114 zyne jaarlyksche missen waarop zeer veel handel gedreven wordt

176 2199 1861 116 voornamentlijk in boeken zynde het getal der boekverkopers hier legio

170 2264 1867 129 onder de kooplieden, die uit alle oorden van Europa herwaarts komen,

1968 61 91 86 104
