2083 2540
1898 72 90 94 83

194 93 1792 159 Prnissen door het volk geplunderd geworden gelyk Bongardt in zyne

195 189 210 68 ismeldt.

198 196 1753 140 „delyk deden wy nog eene wandeling buiten de stallesche poort naar het

198 291 1784 98 ogenaamde tournooy veld waar twee maal in de week ongeveer boo jon„

201 349 1788 113 s (het getal is welgroot doch zoo wierd het my opgegeven) van 10 tot 16

195 410 1752 110 or zich onder opzicht van eenen Professor in alle mogelyke lichaams

190 465 1772 129 feningen exerceren zommige in het springen net of zonder stok

186 525 1750 132 verhoog gespannene touwen, in het springen op houte paarden

183 586 1793 134 waarop zadels lagen, in het beklimmen van masten, het springen

186 662 1736 129 van eene aanmerklyke hoogte in eene diepte, in het werpen met

179 722 1790 137 quetsen, lanten, waar aan lood bevestigd was, en het snellopen

179 796 1787 121 over geploegd land, in het beklummen van steiltens waarvan zij zich

181 867 1788 128 door middel van touwen weder lieten afzakken, met een woord in

176 933 1814 136 alles wat maar eenigsints tot lichaamsoeffeningen gebragt kan

175 1008 1806 121 worden, waartoe het terrein ja alles ingezigt is: het is zekerlyk

177 1081 1803 131 gemerkelyk dat hier byna geen voorbeeld is dat de kinderen

178 1142 1767 134 ingelukken gekregen hebben. Alle jongelieden, zoo wel van de

175 1209 1763 141 eerste lieden uit Berlyn, die hier ook genegeld komen, als van

181 1281 1756 138 een aam militair, wa zyn in wit linnen buisjes en broeken

187 1356 1697 145 gekleed: dit zoo genaamd Thurnspiel is een groot halfuur

182 1442 1753 140 busten Berlyn op eene berg gelegen waar men ook herbergen

174 1504 1824 148 vadt daar de ouders der kinderen en de talryke nieuwsgieri„

179 1599 872 105 gen zich kunnen ververschen.

187 1591 1797 193 Dan nu moet ik nog van eene allernuttigste inrigting gewagen

181 1728 1787 124 waarvan ik tot dus verre zweeg wyl ik mi tot Berlyn zelve be„

184 1791 1842 132 paalde ik bedoel de Dierartsenykundige School buiten de stad gelegen

179 1871 1806 116 hier toch wordt aan soo studerende les in dat vak gegeven, hier wor=

176 1944 1780 137 den alle zieke nuttige viervoetige dieren als paarden, koeien, schapen

181 2005 1822 138 houden, katten enz opgenomen en zoo mooglyk genezen. In het hoofd:

187 2084 1805 156 gebouw is een zeer doelmakig Anatomisch theater waarin de lessen

179 2166 1785 126 gehouden worden en wel midden in hetzelve terwyl de Kamers

180 2243 1845 127 rondom hetzelve niet sceletten en andere voorweapen tot dit gevuld zyn

185 2325 1782 152 onder deeze zagen wy de stelchten van oorspronglyke Arabische
