2083 2540
1941 73 77 75 88

189 77 1810 141 welks ingang het in de Gothische smaak gebouwde jagthuis Hei„

184 165 1807 113 denburg staat: dit vosch, dat wij in deszelfs gansche lengte pas„

186 228 1806 107 seerden, wemelt van herten en cheëen doch ik heb er geen gezien. Dan

176 287 1844 121 nn veranderde het gericht geheel en al in plaats van eene bosch„

172 359 1799 120 achtige contrein en eene goede steenweg zagen wy eene uitge„

177 420 1773 113 strekte dorze vlakte voor ons waarop het weinige kooren

181 486 1836 115 allerschraalst stond: men verbouwds hier nog een weinig Koolzaad

178 556 1809 116 doch dit was niet boven half voet hoog en uit armoede

179 616 1840 132 ryp geworden het was even als anderkooren en schoven gebonden

176 694 1765 128 en in lange regen even als tokken opgezet: daarbij was de

164 768 1773 128 weg nu eens zandig dan weder stootte de wagen geweldig

161 844 1785 126 over de hieren daar verspreide steenen. De Petersberg niet

163 900 1820 129 deszelfs uire (zie No.) naby Halle gelegen konde men van hier

166 989 1831 120 reeds duidelyk zien. In het stadje Zorbich verfresten wy ons niet

177 1058 1811 117 neerlyke kersen die men ons te koop presenteerde en waarvan wij

182 1125 1768 109 eene goede provisie in het ryting medenamen. Te Brichstadt,

183 1192 1802 113 waarwy aan de zwarte adelaar op het postcomptoir zagen

172 1254 1821 115 dat wij het Dissansch grondgebeed verlaten hadden en weder

174 1322 1830 113 op Pruissisch territoir gekomen waren, beklommen wy niet

180 1391 1780 127 zonder moeite eene hoogte, waarop wy een zeer groote steen

178 1468 1822 113 onder 6 daarom staande populieren opgezigt zagen, wy dag ten

172 1536 1815 121 er de eene of andere inscriptie op te vinden doch dezelve was

162 1609 1845 126 aan alle zyden glad, wy moesten dus den herbergier naar de

168 1688 1832 116 oorzaak daarvan vragen die ons berigtte dat iemand voor

164 1755 1823 120 8 jaren deeze bomen daar gepoot en die steen opgerigt had

163 1824 1803 127 tot aandenken, aan de wraedheden die de Franschen in dat

174 1904 1825 116 dorp gepleegd en de verwoestingen die zij er toen aangerigt

169 1972 1770 121 hadden. Tusschen Brichstadt en Aalle ontmoette ons niets

181 2048 1825 127 byzonders, dan by het inzyden derpoort van laatsgenoemde

176 2115 1830 141 stad kwam men als naar gewoonte by de wagen doch vroeg

179 2201 1774 127 ons ditmaal, in plaats van onze namen, of er ook leute von

177 2279 1809 144 distinction onder ons waren; hem met spoedig genoeg antwoor„
