2083 2540
1071 80 773 149 Leipsich den 1 Augustus 1816.

692 203 252 139 Amile.

194 275 1759 146 met den zelfden Leipsiger voerman, die ons van Berlin tot Htalle had

181 381 1862 109 gereden, vertrokken wy den 29 July tegen den middag uit laatsgenoemde

184 441 1807 125 stad tot Leijzich 8 thaler voor het tytuig betalende: de Heeren Pheiffer,

189 488 1856 133 Radeland en Schoneberg, die al hun best gedaan hadden om ons verblyf

186 564 1858 140 zoo aangenaam mogelyk te maken, kwamen nog by ons vertrek om afscheid

196 638 1837 134 te nemen. Eene uitmuurende met populieren beplantte thansse vragt ons

188 704 1855 157 zeer spoedig tot Grosskuigel schoon 5uur van Halle Gelegen; doch ou begon

188 779 1842 142 het er erger uit te zien daar de weg met losse hoekige steenen belegt

185 854 1845 146 was en weldra in eene zware Zandweg overging waar het de paarden

190 927 1829 133 moeilyk viel 6 personen te trekken, door de menigvuldige regen waren

189 988 1842 150 en opsommige plaats en vreeslyke gaten in gespoeld: het stadje Steijits,

184 1076 1851 130 voorheen Saixisch thans echter door de beslissing van het Weener Congres

188 1150 1854 134 aan Pruissen toebehorende, gepasseerd zynde, bereikten wy Börlik en stan=

183 1223 1800 141 nichen aan onze linkerhand de aideloze vlakte ziende waarop in

181 1289 1865 149 den dertigjarigen oorlog Tilly de groote nederlaag ontving: ook hier waf

181 1371 1850 130 in de Gedenkwaardige dagen van October 1813 door Bernadotte en Blucher

176 1452 1863 114 hevig Gestreden. Schoon nog 3. uren van Leiisich verwyderd dagen wy de

178 1508 1869 130 stad duidelyk voor ons liggen, en bereikten hier de greuzen van het Prins„

179 1580 1844 137 sisch gebied dat wy met het Taxische verwisselden: al aanstonds ont„

176 1654 1856 122 moeteden onze eenige derzelver extra posten waarvan de voerlieden van

179 1726 1861 128 kop tot leen in atroen geel gekleed en met vervaarlyke driekante hoeden

175 1800 1853 120 vercierd zyn, alle die maar eenigsints aan de het postwezen geattacheerd

172 1875 1843 126 is, van den eersten postmeester tot den pakkersknegt toe, is op deeze wyze

172 1948 1849 125 gekleed. voorby het dorp Golitz lydende lieten wy het Rrosenthales vosghje

176 2019 1828 138 de geliefde wandeling der Leipsiders, regtsliggen, kwamen zas aan eene

176 2094 1831 136 geheele streek nieuw opgebouwde huizen, voor 3 jaren waarschynlyk ver„

179 2171 1799 156 woest of verbrand zynde, en na aan de poort der voorstad onze passen

181 2241 1852 153 tegen ausenthalfscharten verwisseld te hebben reden wy door deszelfs schoone

182 2343 1157 142 uuren om half acht de stad Leipsich binnen
