<?xml version='1.0' encoding='UTF-8' standalone='yes'?>
<alto xmlns:xsi="http://www.w3.org/2001/XMLSchema-instance" xmlns="http://www.loc.gov/standards/alto/ns-v4#" xsi:schemaLocation="http://www.loc.gov/standards/alto/ns-v4# http://www.loc.gov/standards/alto/v4/alto-4-2.xsd" SCHEMAVERSION="4.2">
  <Description>
    <MeasurementUnit>pixel</MeasurementUnit>
    <sourceImageInformation>
      <fileName>0273_0552_0179_0273.jpg</fileName>
    </sourceImageInformation>
  </Description>
  <Styles>
    <TextStyle ID="textstyle-None---sans-serif---proportional---None---None---None" FONTTYPE="sans-serif" FONTWIDTH="proportional"/>
  </Styles>
  <Tags/>
  <Layout>
    <Page ID="None" PHYSICAL_IMG_NR="0" WIDTH="2083" HEIGHT="2540">
      <PrintSpace VPOS="0" HPOS="0" HEIGHT="2540" WIDTH="2083">
        <TextBlock ID="ef2224e9-1022-462e-bf06-10368820ae14" HEIGHT="2396" WIDTH="1899" HPOS="121" VPOS="74" IDNEXT="region_48574b5f-36f8-44c2-8f73-0c0a256382a8">
          <Shape>
            <Polygon POINTS="121,74 2020,74 2020,2470 121,2470"/>
          </Shape>
          <TextLine ID="c9996c7d-c3ec-4697-b983-a489370baa1e" HEIGHT="142" WIDTH="1834" HPOS="156" VPOS="74" STYLEREFS="textstyle-None---sans-serif---proportional---None---None---None">
            <Shape>
              <Polygon POINTS="156,77 213,118 236,117 276,94 290,98 303,86 321,96 356,97 363,90 377,101 402,105 465,101 494,109 524,90 533,98 564,82 609,97 633,86 664,93 691,82 720,89 738,82 757,93 785,85 796,94 812,94 820,87 844,108 853,103 911,134 938,117 961,118 970,110 994,117 1027,91 1073,125 1106,125 1140,105 1209,129 1243,97 1278,101 1290,90 1322,105 1344,89 1361,94 1384,85 1397,94 1427,78 1438,89 1484,89 1512,106 1532,93 1600,94 1621,85 1641,89 1648,82 1694,97 1719,78 1734,78 1785,110 1824,78 1863,74 1881,88 1898,85 1930,117 1977,118 1990,108 1990,153 1952,180 1902,194 1841,171 1808,175 1793,160 1756,167 1746,158 1724,171 1704,159 1682,167 1648,160 1622,167 1596,187 1570,167 1546,160 1496,160 1462,182 1429,164 1402,164 1387,179 1380,175 1364,191 1344,191 1337,198 1302,164 1285,171 1221,164 1200,174 1165,167 1123,182 1103,171 1061,179 1043,167 1024,167 986,190 969,191 954,190 917,167 896,167 881,178 868,171 853,186 769,175 754,190 693,177 643,190 624,179 602,187 583,178 542,202 526,202 508,190 454,187 424,191 385,216 350,214 324,190 304,198 273,178 214,175 193,195 182,191 156,210"/>
            </Shape>
            <String ID="c9996c7d-c3ec-4697-b983-a489370baa1e-dummy-Word" HEIGHT="142" WIDTH="1834" HPOS="156" VPOS="74" CONTENT="ook eene groote in eene Romensche smaak gebouwde waterleiding">
              <Shape>
                <Polygon POINTS="156,77 213,118 236,117 276,94 290,98 303,86 321,96 356,97 363,90 377,101 402,105 465,101 494,109 524,90 533,98 564,82 609,97 633,86 664,93 691,82 720,89 738,82 757,93 785,85 796,94 812,94 820,87 844,108 853,103 911,134 938,117 961,118 970,110 994,117 1027,91 1073,125 1106,125 1140,105 1209,129 1243,97 1278,101 1290,90 1322,105 1344,89 1361,94 1384,85 1397,94 1427,78 1438,89 1484,89 1512,106 1532,93 1600,94 1621,85 1641,89 1648,82 1694,97 1719,78 1734,78 1785,110 1824,78 1863,74 1881,88 1898,85 1930,117 1977,118 1990,108 1990,153 1952,180 1902,194 1841,171 1808,175 1793,160 1756,167 1746,158 1724,171 1704,159 1682,167 1648,160 1622,167 1596,187 1570,167 1546,160 1496,160 1462,182 1429,164 1402,164 1387,179 1380,175 1364,191 1344,191 1337,198 1302,164 1285,171 1221,164 1200,174 1165,167 1123,182 1103,171 1061,179 1043,167 1024,167 986,190 969,191 954,190 917,167 896,167 881,178 868,171 853,186 769,175 754,190 693,177 643,190 624,179 602,187 583,178 542,202 526,202 508,190 454,187 424,191 385,216 350,214 324,190 304,198 273,178 214,175 193,195 182,191 156,210"/>
              </Shape>
            </String>
          </TextLine>
          <TextLine ID="dfa452f8-7312-479f-98f8-be679541ea8c" HEIGHT="124" WIDTH="1803" HPOS="158" VPOS="153" STYLEREFS="textstyle-None---sans-serif---proportional---None---None---None">
            <Shape>
              <Polygon POINTS="158,161 177,177 239,173 255,181 269,173 293,196 311,196 326,208 338,202 348,212 372,208 383,216 400,212 436,177 452,188 498,188 545,200 583,178 597,188 623,180 641,192 695,173 736,192 758,188 780,204 804,204 848,169 877,176 917,169 959,189 973,180 989,188 1023,168 1052,188 1082,171 1127,181 1169,165 1197,176 1215,165 1241,176 1269,165 1304,192 1328,193 1335,200 1344,192 1372,192 1406,161 1447,175 1498,161 1545,161 1565,165 1590,188 1628,165 1658,161 1682,169 1698,157 1719,172 1732,164 1777,165 1799,167 1810,176 1824,165 1844,174 1865,153 1882,153 1935,184 1961,171 1961,216 1936,215 1916,230 1900,222 1841,230 1828,222 1787,219 1772,227 1751,220 1673,233 1636,222 1624,230 1550,230 1540,223 1534,229 1520,223 1483,230 1472,223 1454,233 1404,224 1368,238 1336,227 1315,234 1295,227 1271,242 1256,241 1244,230 1223,242 1205,234 1176,242 1162,230 1137,230 1108,247 1071,234 1063,241 1048,238 1040,230 1025,230 1012,241 1000,230 973,230 944,250 914,246 908,252 868,234 801,277 754,273 724,250 698,250 686,262 672,260 651,272 614,244 605,253 568,253 540,238 518,238 480,257 440,242 410,242 400,250 375,242 326,245 312,253 276,242 257,250 250,246 239,257 222,246 204,246 158,277"/>
            </Shape>
            <String ID="dfa452f8-7312-479f-98f8-be679541ea8c-dummy-Word" HEIGHT="124" WIDTH="1803" HPOS="158" VPOS="153" CONTENT="en een machine nagenoeg als een kraan waarmede men zwaar">
              <Shape>
                <Polygon POINTS="158,161 177,177 239,173 255,181 269,173 293,196 311,196 326,208 338,202 348,212 372,208 383,216 400,212 436,177 452,188 498,188 545,200 583,178 597,188 623,180 641,192 695,173 736,192 758,188 780,204 804,204 848,169 877,176 917,169 959,189 973,180 989,188 1023,168 1052,188 1082,171 1127,181 1169,165 1197,176 1215,165 1241,176 1269,165 1304,192 1328,193 1335,200 1344,192 1372,192 1406,161 1447,175 1498,161 1545,161 1565,165 1590,188 1628,165 1658,161 1682,169 1698,157 1719,172 1732,164 1777,165 1799,167 1810,176 1824,165 1844,174 1865,153 1882,153 1935,184 1961,171 1961,216 1936,215 1916,230 1900,222 1841,230 1828,222 1787,219 1772,227 1751,220 1673,233 1636,222 1624,230 1550,230 1540,223 1534,229 1520,223 1483,230 1472,223 1454,233 1404,224 1368,238 1336,227 1315,234 1295,227 1271,242 1256,241 1244,230 1223,242 1205,234 1176,242 1162,230 1137,230 1108,247 1071,234 1063,241 1048,238 1040,230 1025,230 1012,241 1000,230 973,230 944,250 914,246 908,252 868,234 801,277 754,273 724,250 698,250 686,262 672,260 651,272 614,244 605,253 568,253 540,238 518,238 480,257 440,242 410,242 400,250 375,242 326,245 312,253 276,242 257,250 250,246 239,257 222,246 204,246 158,277"/>
              </Shape>
            </String>
          </TextLine>
          <TextLine ID="line_7f179e45-0140-4a7e-8487-a24e87dc8bfa" HEIGHT="139" WIDTH="1808" HPOS="153" VPOS="218" STYLEREFS="textstyle-None---sans-serif---proportional---None---None---None">
            <Shape>
              <Polygon POINTS="153,245 159,241 182,260 207,245 245,257 263,245 301,245 315,253 323,245 426,241 471,256 477,250 509,255 528,244 550,258 560,249 595,256 615,243 632,260 661,269 698,246 722,250 736,264 776,280 797,279 821,261 859,272 894,260 921,263 954,241 984,233 1020,237 1033,247 1049,236 1066,244 1087,229 1111,229 1119,237 1133,229 1159,229 1177,242 1202,233 1221,243 1237,229 1257,241 1273,241 1296,226 1331,237 1370,237 1378,229 1410,226 1420,233 1438,226 1454,233 1465,225 1504,237 1521,222 1548,229 1596,225 1604,231 1649,222 1674,229 1714,229 1724,221 1772,226 1786,218 1834,229 1861,218 1875,231 1888,221 1923,227 1934,221 1952,236 1961,235 1961,281 1936,294 1912,280 1862,321 1852,312 1839,314 1820,297 1782,310 1742,287 1724,299 1684,286 1663,295 1621,287 1589,295 1567,314 1511,287 1493,303 1473,295 1465,303 1444,302 1431,314 1408,302 1379,315 1348,292 1317,310 1285,296 1273,303 1245,295 1225,312 1158,298 1144,310 1116,314 1105,303 1056,322 1034,318 1004,299 965,310 946,307 933,318 902,318 890,310 876,321 833,322 805,344 793,334 769,337 758,326 746,330 737,322 705,329 668,308 649,307 620,329 539,311 511,311 499,322 486,311 424,311 372,342 322,325 297,330 277,319 250,334 195,326 164,357 153,349"/>
            </Shape>
            <String ID="line_7f179e45-0140-4a7e-8487-a24e87dc8bfa-dummy-Word" HEIGHT="139" WIDTH="1808" HPOS="153" VPOS="218" CONTENT="neterts geladene scheepjes, die hier de mulda afkomen, regt">
              <Shape>
                <Polygon POINTS="153,245 159,241 182,260 207,245 245,257 263,245 301,245 315,253 323,245 426,241 471,256 477,250 509,255 528,244 550,258 560,249 595,256 615,243 632,260 661,269 698,246 722,250 736,264 776,280 797,279 821,261 859,272 894,260 921,263 954,241 984,233 1020,237 1033,247 1049,236 1066,244 1087,229 1111,229 1119,237 1133,229 1159,229 1177,242 1202,233 1221,243 1237,229 1257,241 1273,241 1296,226 1331,237 1370,237 1378,229 1410,226 1420,233 1438,226 1454,233 1465,225 1504,237 1521,222 1548,229 1596,225 1604,231 1649,222 1674,229 1714,229 1724,221 1772,226 1786,218 1834,229 1861,218 1875,231 1888,221 1923,227 1934,221 1952,236 1961,235 1961,281 1936,294 1912,280 1862,321 1852,312 1839,314 1820,297 1782,310 1742,287 1724,299 1684,286 1663,295 1621,287 1589,295 1567,314 1511,287 1493,303 1473,295 1465,303 1444,302 1431,314 1408,302 1379,315 1348,292 1317,310 1285,296 1273,303 1245,295 1225,312 1158,298 1144,310 1116,314 1105,303 1056,322 1034,318 1004,299 965,310 946,307 933,318 902,318 890,310 876,321 833,322 805,344 793,334 769,337 758,326 746,330 737,322 705,329 668,308 649,307 620,329 539,311 511,311 499,322 486,311 424,311 372,342 322,325 297,330 277,319 250,334 195,326 164,357 153,349"/>
              </Shape>
            </String>
          </TextLine>
          <TextLine ID="a7ce8145-b51a-4609-b664-bc111aeb9483" HEIGHT="158" WIDTH="1842" HPOS="148" VPOS="279" STYLEREFS="textstyle-None---sans-serif---proportional---None---None---None">
            <Shape>
              <Polygon POINTS="148,357 194,326 251,333 277,320 303,330 326,325 369,345 406,314 413,318 424,310 487,310 498,321 511,310 538,310 618,329 635,314 661,326 693,317 705,329 737,322 805,343 857,310 931,318 946,306 964,310 993,301 1014,302 1033,317 1051,317 1085,334 1113,311 1139,309 1153,295 1225,311 1246,295 1260,302 1275,295 1302,298 1318,309 1332,295 1356,294 1381,314 1406,302 1420,312 1475,295 1495,302 1518,287 1566,314 1589,295 1620,287 1684,287 1695,298 1704,293 1724,299 1743,287 1784,310 1818,298 1839,314 1859,317 1917,279 1937,294 1959,286 1975,302 1990,303 1990,351 1984,357 1975,352 1960,364 1908,364 1862,353 1832,366 1813,361 1793,372 1770,353 1749,353 1647,383 1601,367 1544,376 1522,364 1503,376 1454,372 1445,380 1420,364 1395,363 1379,375 1351,375 1313,398 1297,387 1269,395 1250,380 1236,383 1225,372 1208,375 1188,364 1157,376 1135,368 1117,386 1093,371 1064,376 1033,368 1025,375 1014,368 994,387 965,395 933,381 905,395 878,383 855,387 849,381 833,395 794,397 770,418 735,410 705,380 680,387 666,376 649,376 642,383 558,383 543,395 523,387 508,395 480,383 458,384 422,415 384,414 366,399 343,407 325,399 278,423 248,415 226,437 214,426 193,430 177,414 148,422"/>
            </Shape>
            <String ID="a7ce8145-b51a-4609-b664-bc111aeb9483-dummy-Word" HEIGHT="158" WIDTH="1842" HPOS="148" VPOS="279" CONTENT="sandig uit het water opwindt met het gansche machene een">
              <Shape>
                <Polygon POINTS="148,357 194,326 251,333 277,320 303,330 326,325 369,345 406,314 413,318 424,310 487,310 498,321 511,310 538,310 618,329 635,314 661,326 693,317 705,329 737,322 805,343 857,310 931,318 946,306 964,310 993,301 1014,302 1033,317 1051,317 1085,334 1113,311 1139,309 1153,295 1225,311 1246,295 1260,302 1275,295 1302,298 1318,309 1332,295 1356,294 1381,314 1406,302 1420,312 1475,295 1495,302 1518,287 1566,314 1589,295 1620,287 1684,287 1695,298 1704,293 1724,299 1743,287 1784,310 1818,298 1839,314 1859,317 1917,279 1937,294 1959,286 1975,302 1990,303 1990,351 1984,357 1975,352 1960,364 1908,364 1862,353 1832,366 1813,361 1793,372 1770,353 1749,353 1647,383 1601,367 1544,376 1522,364 1503,376 1454,372 1445,380 1420,364 1395,363 1379,375 1351,375 1313,398 1297,387 1269,395 1250,380 1236,383 1225,372 1208,375 1188,364 1157,376 1135,368 1117,386 1093,371 1064,376 1033,368 1025,375 1014,368 994,387 965,395 933,381 905,395 878,383 855,387 849,381 833,395 794,397 770,418 735,410 705,380 680,387 666,376 649,376 642,383 558,383 543,395 523,387 508,395 480,383 458,384 422,415 384,414 366,399 343,407 325,399 278,423 248,415 226,437 214,426 193,430 177,414 148,422"/>
              </Shape>
            </String>
          </TextLine>
          <TextLine ID="line_9b55961f-b74e-4b8f-990c-9f5be90debd3" HEIGHT="136" WIDTH="1853" HPOS="147" VPOS="349" STYLEREFS="textstyle-None---sans-serif---proportional---None---None---None">
            <Shape>
              <Polygon POINTS="147,416 157,424 197,385 218,385 262,423 293,412 305,420 344,408 353,416 419,416 458,385 496,392 512,381 539,396 556,384 589,388 600,377 616,384 626,377 665,377 675,384 689,377 696,384 711,381 722,392 761,388 784,404 801,400 832,373 901,396 938,380 966,397 993,388 1015,369 1028,376 1094,373 1120,387 1131,377 1200,365 1237,384 1264,377 1277,388 1318,395 1358,364 1383,372 1414,361 1443,381 1472,372 1483,383 1527,361 1551,379 1577,369 1597,377 1613,373 1643,386 1659,377 1671,381 1697,360 1722,365 1738,354 1767,353 1796,380 1812,364 1821,368 1857,356 1886,361 1910,349 1925,360 1966,360 2000,375 2000,422 1958,452 1933,438 1915,451 1903,445 1884,453 1835,454 1815,437 1784,450 1736,423 1724,430 1690,430 1674,446 1662,446 1642,430 1611,423 1563,453 1552,442 1529,442 1513,427 1495,435 1483,427 1459,443 1371,428 1350,438 1331,431 1312,445 1262,431 1238,440 1171,442 1152,434 1128,454 1064,453 1046,461 1032,453 1008,454 987,438 940,448 928,442 917,453 908,445 875,453 864,442 851,442 816,454 785,485 774,485 729,442 699,442 691,450 676,442 656,457 639,446 592,454 582,449 574,456 564,449 514,469 491,449 442,450 417,473 387,469 366,453 337,450 293,450 275,465 239,454 223,464 197,465 161,450 147,459"/>
            </Shape>
            <String ID="line_9b55961f-b74e-4b8f-990c-9f5be90debd3-dummy-Word" HEIGHT="136" WIDTH="1853" HPOS="147" VPOS="349" CONTENT="uid voorwaarts brengt en zoo weder in een ander veel hoger wa">
              <Shape>
                <Polygon POINTS="147,416 157,424 197,385 218,385 262,423 293,412 305,420 344,408 353,416 419,416 458,385 496,392 512,381 539,396 556,384 589,388 600,377 616,384 626,377 665,377 675,384 689,377 696,384 711,381 722,392 761,388 784,404 801,400 832,373 901,396 938,380 966,397 993,388 1015,369 1028,376 1094,373 1120,387 1131,377 1200,365 1237,384 1264,377 1277,388 1318,395 1358,364 1383,372 1414,361 1443,381 1472,372 1483,383 1527,361 1551,379 1577,369 1597,377 1613,373 1643,386 1659,377 1671,381 1697,360 1722,365 1738,354 1767,353 1796,380 1812,364 1821,368 1857,356 1886,361 1910,349 1925,360 1966,360 2000,375 2000,422 1958,452 1933,438 1915,451 1903,445 1884,453 1835,454 1815,437 1784,450 1736,423 1724,430 1690,430 1674,446 1662,446 1642,430 1611,423 1563,453 1552,442 1529,442 1513,427 1495,435 1483,427 1459,443 1371,428 1350,438 1331,431 1312,445 1262,431 1238,440 1171,442 1152,434 1128,454 1064,453 1046,461 1032,453 1008,454 987,438 940,448 928,442 917,453 908,445 875,453 864,442 851,442 816,454 785,485 774,485 729,442 699,442 691,450 676,442 656,457 639,446 592,454 582,449 574,456 564,449 514,469 491,449 442,450 417,473 387,469 366,453 337,450 293,450 275,465 239,454 223,464 197,465 161,450 147,459"/>
              </Shape>
            </String>
          </TextLine>
          <TextLine ID="line_0439e336-af6f-4ead-884c-454b2308fca6" HEIGHT="147" WIDTH="1784" HPOS="153" VPOS="421" STYLEREFS="textstyle-None---sans-serif---proportional---None---None---None">
            <Shape>
              <Polygon POINTS="153,446 191,463 211,463 222,454 235,460 243,452 279,462 295,448 312,448 343,459 368,452 392,467 421,448 500,448 530,463 575,444 592,452 638,444 654,459 669,448 707,444 720,456 726,452 753,479 783,487 824,448 871,447 886,440 917,451 931,440 942,448 963,440 992,459 1003,452 1016,460 1033,455 1045,461 1063,452 1092,452 1117,433 1148,436 1158,444 1177,436 1189,448 1205,452 1212,445 1237,455 1277,436 1301,444 1312,434 1338,436 1350,448 1402,444 1414,436 1451,454 1478,432 1492,436 1501,428 1536,428 1560,451 1571,452 1611,425 1624,432 1641,428 1672,446 1693,429 1724,429 1732,421 1785,452 1812,436 1836,455 1855,443 1866,452 1883,452 1918,432 1937,441 1937,488 1931,482 1896,498 1857,487 1832,504 1800,491 1788,498 1735,491 1715,501 1693,491 1672,502 1636,494 1599,513 1578,498 1569,502 1556,494 1537,502 1525,495 1488,506 1446,502 1408,521 1377,498 1360,506 1330,498 1315,510 1304,505 1281,514 1257,505 1244,517 1213,517 1194,502 1157,502 1125,526 1085,503 1075,510 1057,502 1001,536 947,506 930,508 910,523 897,518 880,534 854,517 837,525 826,519 818,527 797,517 784,521 770,510 727,510 690,522 673,514 636,521 622,514 591,533 572,522 547,525 515,548 482,532 426,552 398,537 372,556 345,546 321,564 290,556 255,530 240,540 218,525 191,552 180,548 153,568"/>
            </Shape>
            <String ID="line_0439e336-af6f-4ead-884c-454b2308fca6-dummy-Word" HEIGHT="147" WIDTH="1784" HPOS="153" VPOS="421" CONTENT="plaat zakken. — In Freyberg zelve vindt men onder anderen">
              <Shape>
                <Polygon POINTS="153,446 191,463 211,463 222,454 235,460 243,452 279,462 295,448 312,448 343,459 368,452 392,467 421,448 500,448 530,463 575,444 592,452 638,444 654,459 669,448 707,444 720,456 726,452 753,479 783,487 824,448 871,447 886,440 917,451 931,440 942,448 963,440 992,459 1003,452 1016,460 1033,455 1045,461 1063,452 1092,452 1117,433 1148,436 1158,444 1177,436 1189,448 1205,452 1212,445 1237,455 1277,436 1301,444 1312,434 1338,436 1350,448 1402,444 1414,436 1451,454 1478,432 1492,436 1501,428 1536,428 1560,451 1571,452 1611,425 1624,432 1641,428 1672,446 1693,429 1724,429 1732,421 1785,452 1812,436 1836,455 1855,443 1866,452 1883,452 1918,432 1937,441 1937,488 1931,482 1896,498 1857,487 1832,504 1800,491 1788,498 1735,491 1715,501 1693,491 1672,502 1636,494 1599,513 1578,498 1569,502 1556,494 1537,502 1525,495 1488,506 1446,502 1408,521 1377,498 1360,506 1330,498 1315,510 1304,505 1281,514 1257,505 1244,517 1213,517 1194,502 1157,502 1125,526 1085,503 1075,510 1057,502 1001,536 947,506 930,508 910,523 897,518 880,534 854,517 837,525 826,519 818,527 797,517 784,521 770,510 727,510 690,522 673,514 636,521 622,514 591,533 572,522 547,525 515,548 482,532 426,552 398,537 372,556 345,546 321,564 290,556 255,530 240,540 218,525 191,552 180,548 153,568"/>
              </Shape>
            </String>
          </TextLine>
          <TextLine ID="line_78c799f8-ad13-42f2-9c13-cfe8839eae28" HEIGHT="137" WIDTH="1815" HPOS="152" VPOS="487" STYLEREFS="textstyle-None---sans-serif---proportional---None---None---None">
            <Shape>
              <Polygon POINTS="152,513 174,527 182,521 219,523 238,539 256,531 314,563 382,515 421,527 439,518 454,526 469,519 498,546 515,546 537,527 574,519 607,523 619,515 651,531 676,515 720,518 727,511 737,518 757,516 788,543 824,518 838,523 850,515 873,515 885,527 926,507 955,510 983,535 1004,535 1042,506 1068,513 1094,534 1114,519 1141,535 1154,534 1177,515 1224,514 1241,502 1249,510 1261,502 1273,514 1298,506 1311,514 1330,499 1356,507 1370,495 1405,519 1450,499 1486,507 1502,499 1540,503 1557,494 1568,503 1585,493 1622,502 1633,491 1670,503 1689,491 1703,499 1725,491 1798,499 1818,487 1837,496 1874,487 1894,498 1927,502 1953,518 1967,512 1967,558 1954,552 1908,564 1899,556 1872,563 1848,556 1834,568 1810,559 1736,596 1691,580 1672,591 1661,585 1649,595 1615,583 1590,560 1574,560 1557,568 1542,564 1534,572 1496,563 1470,578 1447,572 1419,592 1392,584 1381,595 1359,592 1352,599 1333,580 1306,580 1298,572 1281,572 1273,580 1240,564 1220,564 1202,580 1191,572 1168,579 1151,568 1108,580 1045,576 1034,568 1019,568 1004,579 956,572 924,588 894,587 878,600 855,595 828,576 766,576 745,584 734,576 686,576 621,623 533,608 507,587 470,588 435,619 420,616 413,623 386,624 365,603 353,603 341,615 274,607 244,620 191,588 161,608 152,605"/>
            </Shape>
            <String ID="line_78c799f8-ad13-42f2-9c13-cfe8839eae28-dummy-Word" HEIGHT="137" WIDTH="1815" HPOS="152" VPOS="487" CONTENT="ook eene grootte galonne fabriek van de Heeren Thiele en C:o waar">
              <Shape>
                <Polygon POINTS="152,513 174,527 182,521 219,523 238,539 256,531 314,563 382,515 421,527 439,518 454,526 469,519 498,546 515,546 537,527 574,519 607,523 619,515 651,531 676,515 720,518 727,511 737,518 757,516 788,543 824,518 838,523 850,515 873,515 885,527 926,507 955,510 983,535 1004,535 1042,506 1068,513 1094,534 1114,519 1141,535 1154,534 1177,515 1224,514 1241,502 1249,510 1261,502 1273,514 1298,506 1311,514 1330,499 1356,507 1370,495 1405,519 1450,499 1486,507 1502,499 1540,503 1557,494 1568,503 1585,493 1622,502 1633,491 1670,503 1689,491 1703,499 1725,491 1798,499 1818,487 1837,496 1874,487 1894,498 1927,502 1953,518 1967,512 1967,558 1954,552 1908,564 1899,556 1872,563 1848,556 1834,568 1810,559 1736,596 1691,580 1672,591 1661,585 1649,595 1615,583 1590,560 1574,560 1557,568 1542,564 1534,572 1496,563 1470,578 1447,572 1419,592 1392,584 1381,595 1359,592 1352,599 1333,580 1306,580 1298,572 1281,572 1273,580 1240,564 1220,564 1202,580 1191,572 1168,579 1151,568 1108,580 1045,576 1034,568 1019,568 1004,579 956,572 924,588 894,587 878,600 855,595 828,576 766,576 745,584 734,576 686,576 621,623 533,608 507,587 470,588 435,619 420,616 413,623 386,624 365,603 353,603 341,615 274,607 244,620 191,588 161,608 152,605"/>
              </Shape>
            </String>
          </TextLine>
          <TextLine ID="line_82def19b-ee06-4c7c-8f25-ed7953871fb1" HEIGHT="132" WIDTH="1833" HPOS="150" VPOS="557" STYLEREFS="textstyle-None---sans-serif---proportional---None---None---None">
            <Shape>
              <Polygon POINTS="150,605 160,609 180,589 203,589 241,620 275,608 337,616 348,605 365,604 385,624 413,624 441,616 470,589 508,588 532,608 556,616 572,612 597,624 618,616 628,620 664,588 731,577 772,584 819,573 854,596 888,605 913,584 926,588 956,573 970,584 982,573 1006,580 1019,569 1051,574 1078,597 1123,573 1150,570 1161,580 1192,573 1203,580 1221,565 1248,565 1274,581 1292,569 1310,582 1335,582 1353,600 1393,570 1404,576 1437,563 1447,573 1481,576 1498,564 1526,570 1539,561 1557,569 1605,557 1628,572 1657,573 1671,585 1690,579 1699,588 1723,589 1738,582 1750,592 1810,558 1866,565 1900,557 1909,565 1917,557 1947,557 1983,575 1983,622 1971,630 1945,631 1917,653 1890,645 1868,654 1846,638 1821,658 1804,653 1786,662 1742,626 1710,654 1677,646 1660,630 1637,627 1567,673 1529,653 1489,658 1446,640 1382,646 1371,635 1352,645 1327,638 1310,639 1298,650 1281,646 1241,671 1176,662 1146,673 1106,646 1081,670 1056,670 1048,677 1019,670 1011,678 953,670 938,685 903,661 888,669 867,662 847,673 831,661 819,671 791,669 782,661 766,669 759,662 742,676 694,650 663,669 657,665 631,677 587,651 549,681 532,670 520,682 482,678 465,689 447,677 420,686 395,686 383,677 340,685 320,673 294,684 267,662 224,666 212,677 192,673 180,661 161,677 150,671"/>
            </Shape>
            <String ID="line_82def19b-ee06-4c7c-8f25-ed7953871fb1-dummy-Word" HEIGHT="132" WIDTH="1833" HPOS="150" VPOS="557" CONTENT="te voren 1ooo thans echter maar 900 menschen arbeidden: wi bezogten">
              <Shape>
                <Polygon POINTS="150,605 160,609 180,589 203,589 241,620 275,608 337,616 348,605 365,604 385,624 413,624 441,616 470,589 508,588 532,608 556,616 572,612 597,624 618,616 628,620 664,588 731,577 772,584 819,573 854,596 888,605 913,584 926,588 956,573 970,584 982,573 1006,580 1019,569 1051,574 1078,597 1123,573 1150,570 1161,580 1192,573 1203,580 1221,565 1248,565 1274,581 1292,569 1310,582 1335,582 1353,600 1393,570 1404,576 1437,563 1447,573 1481,576 1498,564 1526,570 1539,561 1557,569 1605,557 1628,572 1657,573 1671,585 1690,579 1699,588 1723,589 1738,582 1750,592 1810,558 1866,565 1900,557 1909,565 1917,557 1947,557 1983,575 1983,622 1971,630 1945,631 1917,653 1890,645 1868,654 1846,638 1821,658 1804,653 1786,662 1742,626 1710,654 1677,646 1660,630 1637,627 1567,673 1529,653 1489,658 1446,640 1382,646 1371,635 1352,645 1327,638 1310,639 1298,650 1281,646 1241,671 1176,662 1146,673 1106,646 1081,670 1056,670 1048,677 1019,670 1011,678 953,670 938,685 903,661 888,669 867,662 847,673 831,661 819,671 791,669 782,661 766,669 759,662 742,676 694,650 663,669 657,665 631,677 587,651 549,681 532,670 520,682 482,678 465,689 447,677 420,686 395,686 383,677 340,685 320,673 294,684 267,662 224,666 212,677 192,673 180,661 161,677 150,671"/>
              </Shape>
            </String>
          </TextLine>
          <TextLine ID="ac807e53-648a-4729-a3ad-1bceb7710c88" HEIGHT="145" WIDTH="1856" HPOS="139" VPOS="623" STYLEREFS="textstyle-None---sans-serif---proportional---None---None---None">
            <Shape>
              <Polygon POINTS="139,671 159,675 174,660 197,671 217,656 228,667 256,664 289,683 343,675 353,683 364,679 372,687 409,691 435,675 460,691 487,692 497,683 518,683 535,668 555,678 567,667 579,672 603,652 668,651 692,660 711,655 736,679 755,664 807,672 832,663 843,674 876,660 886,668 907,663 928,675 938,667 1020,679 1043,672 1074,675 1107,646 1154,675 1171,664 1211,663 1236,679 1290,640 1344,636 1356,644 1367,636 1382,647 1410,640 1444,651 1469,644 1489,660 1527,656 1567,672 1643,624 1655,624 1695,660 1742,624 1767,624 1792,635 1806,624 1823,623 1838,627 1866,655 1894,644 1916,654 1957,627 1975,628 1995,648 1995,696 1978,713 1957,701 1937,710 1920,705 1873,732 1828,701 1789,738 1769,741 1744,725 1696,725 1675,713 1642,717 1610,708 1582,723 1562,709 1514,728 1490,713 1436,709 1396,728 1369,706 1319,706 1282,716 1269,709 1245,717 1231,731 1213,729 1199,741 1165,713 1119,742 1031,741 1016,729 1004,732 993,725 963,748 945,733 925,733 903,745 886,740 842,764 824,764 780,732 755,741 740,729 728,737 688,736 675,745 655,744 640,729 624,740 578,724 563,725 532,747 525,744 501,768 486,757 465,764 452,752 432,764 389,740 324,745 310,753 284,741 261,748 245,732 219,741 204,756 173,751 156,763 139,753"/>
            </Shape>
            <String ID="ac807e53-648a-4729-a3ad-1bceb7710c88-dummy-Word" HEIGHT="145" WIDTH="1856" HPOS="139" VPOS="623" CONTENT="dezelve en zagen hoe het zilver eerst door namers in de lengte uit„">
              <Shape>
                <Polygon POINTS="139,671 159,675 174,660 197,671 217,656 228,667 256,664 289,683 343,675 353,683 364,679 372,687 409,691 435,675 460,691 487,692 497,683 518,683 535,668 555,678 567,667 579,672 603,652 668,651 692,660 711,655 736,679 755,664 807,672 832,663 843,674 876,660 886,668 907,663 928,675 938,667 1020,679 1043,672 1074,675 1107,646 1154,675 1171,664 1211,663 1236,679 1290,640 1344,636 1356,644 1367,636 1382,647 1410,640 1444,651 1469,644 1489,660 1527,656 1567,672 1643,624 1655,624 1695,660 1742,624 1767,624 1792,635 1806,624 1823,623 1838,627 1866,655 1894,644 1916,654 1957,627 1975,628 1995,648 1995,696 1978,713 1957,701 1937,710 1920,705 1873,732 1828,701 1789,738 1769,741 1744,725 1696,725 1675,713 1642,717 1610,708 1582,723 1562,709 1514,728 1490,713 1436,709 1396,728 1369,706 1319,706 1282,716 1269,709 1245,717 1231,731 1213,729 1199,741 1165,713 1119,742 1031,741 1016,729 1004,732 993,725 963,748 945,733 925,733 903,745 886,740 842,764 824,764 780,732 755,741 740,729 728,737 688,736 675,745 655,744 640,729 624,740 578,724 563,725 532,747 525,744 501,768 486,757 465,764 452,752 432,764 389,740 324,745 310,753 284,741 261,748 245,732 219,741 204,756 173,751 156,763 139,753"/>
              </Shape>
            </String>
          </TextLine>
          <TextLine ID="f35b9ae3-9fdb-415a-b202-91ef64e83a0f" HEIGHT="149" WIDTH="1875" HPOS="134" VPOS="702" STYLEREFS="textstyle-None---sans-serif---proportional---None---None---None">
            <Shape>
              <Polygon POINTS="134,718 150,720 204,753 223,734 232,738 244,730 264,749 282,741 338,746 391,738 430,762 468,765 487,758 499,769 544,746 628,754 680,733 699,741 721,734 736,746 757,741 771,754 796,753 824,766 845,765 884,741 940,741 954,749 1008,730 1030,742 1045,735 1061,742 1090,742 1098,735 1121,742 1136,730 1169,746 1204,741 1235,750 1288,711 1304,707 1371,707 1400,723 1420,711 1444,714 1472,706 1515,726 1540,703 1560,703 1580,722 1607,708 1613,714 1632,710 1640,718 1667,712 1727,733 1735,726 1751,733 1767,726 1787,740 1827,702 1846,714 1876,706 1891,714 1903,706 1923,715 1944,706 1958,714 1986,710 2009,721 2009,766 2004,760 1982,768 1964,765 1928,787 1912,787 1893,772 1865,772 1821,803 1784,788 1761,788 1736,773 1717,787 1665,792 1629,822 1571,796 1554,804 1526,795 1512,808 1483,815 1455,795 1418,803 1389,791 1352,819 1317,792 1295,807 1287,799 1268,806 1259,798 1237,811 1197,799 1161,803 1152,795 1118,810 1066,795 1043,802 1000,796 981,807 966,795 952,807 943,799 919,807 903,799 856,811 840,807 832,815 800,796 761,822 737,830 709,827 702,834 661,815 598,827 577,812 541,823 518,804 418,830 390,808 366,808 346,818 301,815 257,846 240,846 232,838 211,851 147,811 134,814"/>
            </Shape>
            <String ID="f35b9ae3-9fdb-415a-b202-91ef64e83a0f-dummy-Word" HEIGHT="149" WIDTH="1875" HPOS="134" VPOS="702" CONTENT="geslagen daarna door paarden in dunne draden wierd uitgetrok„">
              <Shape>
                <Polygon POINTS="134,718 150,720 204,753 223,734 232,738 244,730 264,749 282,741 338,746 391,738 430,762 468,765 487,758 499,769 544,746 628,754 680,733 699,741 721,734 736,746 757,741 771,754 796,753 824,766 845,765 884,741 940,741 954,749 1008,730 1030,742 1045,735 1061,742 1090,742 1098,735 1121,742 1136,730 1169,746 1204,741 1235,750 1288,711 1304,707 1371,707 1400,723 1420,711 1444,714 1472,706 1515,726 1540,703 1560,703 1580,722 1607,708 1613,714 1632,710 1640,718 1667,712 1727,733 1735,726 1751,733 1767,726 1787,740 1827,702 1846,714 1876,706 1891,714 1903,706 1923,715 1944,706 1958,714 1986,710 2009,721 2009,766 2004,760 1982,768 1964,765 1928,787 1912,787 1893,772 1865,772 1821,803 1784,788 1761,788 1736,773 1717,787 1665,792 1629,822 1571,796 1554,804 1526,795 1512,808 1483,815 1455,795 1418,803 1389,791 1352,819 1317,792 1295,807 1287,799 1268,806 1259,798 1237,811 1197,799 1161,803 1152,795 1118,810 1066,795 1043,802 1000,796 981,807 966,795 952,807 943,799 919,807 903,799 856,811 840,807 832,815 800,796 761,822 737,830 709,827 702,834 661,815 598,827 577,812 541,823 518,804 418,830 390,808 366,808 346,818 301,815 257,846 240,846 232,838 211,851 147,811 134,814"/>
              </Shape>
            </String>
          </TextLine>
          <TextLine ID="line_0c83353e-d1c5-4f5e-83ec-71117a57bf21" HEIGHT="156" WIDTH="1865" HPOS="130" VPOS="771" STYLEREFS="textstyle-None---sans-serif---proportional---None---None---None">
            <Shape>
              <Polygon POINTS="130,839 142,834 150,842 167,826 197,839 209,827 221,827 257,846 302,815 325,815 343,827 366,807 389,807 427,827 440,814 460,822 472,811 499,815 512,803 541,823 591,812 608,822 639,823 659,814 678,830 736,831 799,796 836,814 843,807 888,806 895,799 917,803 934,795 955,803 972,791 1052,798 1067,810 1081,798 1121,807 1153,794 1166,803 1230,803 1246,795 1270,805 1321,795 1347,818 1386,825 1414,819 1458,790 1488,810 1505,811 1520,799 1569,798 1578,806 1594,803 1627,823 1695,775 1725,778 1738,771 1762,787 1775,787 1790,802 1861,802 1882,787 1893,791 1903,782 1929,786 1944,780 1970,802 1995,800 1995,848 1966,872 1942,880 1905,859 1875,871 1854,855 1841,864 1813,864 1802,856 1755,883 1737,870 1704,867 1697,860 1660,868 1618,864 1590,852 1564,871 1545,868 1522,887 1490,860 1466,871 1438,868 1428,876 1389,856 1365,860 1346,879 1295,874 1248,880 1236,868 1207,886 1195,879 1179,883 1163,867 1127,860 1115,868 1088,864 1073,879 1064,872 1033,891 987,884 972,899 962,891 941,891 925,875 899,871 851,891 816,872 787,884 756,872 706,880 698,875 685,888 675,880 659,888 622,876 611,884 588,879 555,909 539,899 527,903 513,892 492,891 442,927 423,911 391,911 360,891 279,895 268,884 255,891 243,884 201,884 161,906 130,910"/>
            </Shape>
            <String ID="line_0c83353e-d1c5-4f5e-83ec-71117a57bf21-dummy-Word" HEIGHT="156" WIDTH="1865" HPOS="130" VPOS="771" CONTENT="ken en eindelyk op verschillende stellen tot eene aanmerklyke dui„">
              <Shape>
                <Polygon POINTS="130,839 142,834 150,842 167,826 197,839 209,827 221,827 257,846 302,815 325,815 343,827 366,807 389,807 427,827 440,814 460,822 472,811 499,815 512,803 541,823 591,812 608,822 639,823 659,814 678,830 736,831 799,796 836,814 843,807 888,806 895,799 917,803 934,795 955,803 972,791 1052,798 1067,810 1081,798 1121,807 1153,794 1166,803 1230,803 1246,795 1270,805 1321,795 1347,818 1386,825 1414,819 1458,790 1488,810 1505,811 1520,799 1569,798 1578,806 1594,803 1627,823 1695,775 1725,778 1738,771 1762,787 1775,787 1790,802 1861,802 1882,787 1893,791 1903,782 1929,786 1944,780 1970,802 1995,800 1995,848 1966,872 1942,880 1905,859 1875,871 1854,855 1841,864 1813,864 1802,856 1755,883 1737,870 1704,867 1697,860 1660,868 1618,864 1590,852 1564,871 1545,868 1522,887 1490,860 1466,871 1438,868 1428,876 1389,856 1365,860 1346,879 1295,874 1248,880 1236,868 1207,886 1195,879 1179,883 1163,867 1127,860 1115,868 1088,864 1073,879 1064,872 1033,891 987,884 972,899 962,891 941,891 925,875 899,871 851,891 816,872 787,884 756,872 706,880 698,875 685,888 675,880 659,888 622,876 611,884 588,879 555,909 539,899 527,903 513,892 492,891 442,927 423,911 391,911 360,891 279,895 268,884 255,891 243,884 201,884 161,906 130,910"/>
              </Shape>
            </String>
          </TextLine>
          <TextLine ID="ca172381-d849-45cf-89bc-d2bebe472e09" HEIGHT="164" WIDTH="1806" HPOS="130" VPOS="851" STYLEREFS="textstyle-None---sans-serif---proportional---None---None---None">
            <Shape>
              <Polygon POINTS="130,899 148,910 164,894 178,898 195,886 224,902 263,886 304,886 325,901 355,891 388,913 414,909 438,922 469,898 569,907 616,874 661,890 675,882 705,882 714,874 818,874 845,893 877,885 896,870 925,874 949,867 1016,894 1064,874 1075,879 1088,866 1122,878 1139,863 1171,871 1204,863 1211,870 1238,870 1249,881 1335,874 1349,882 1360,874 1412,890 1420,882 1450,886 1484,862 1526,886 1551,863 1565,870 1583,855 1607,862 1627,851 1694,851 1706,862 1724,862 1749,882 1764,882 1803,857 1832,858 1855,870 1874,859 1885,866 1906,858 1936,875 1935,923 1922,920 1912,930 1883,920 1827,951 1813,940 1791,941 1776,928 1759,928 1748,939 1723,937 1700,955 1689,955 1661,928 1619,951 1588,932 1541,932 1524,943 1499,935 1475,947 1451,945 1408,967 1364,939 1349,943 1341,936 1322,946 1309,943 1275,967 1259,955 1239,955 1229,963 1175,963 1147,943 1135,951 1113,944 1088,963 1062,944 987,944 966,959 955,956 924,983 903,963 874,979 843,959 804,959 784,948 772,955 723,952 715,960 665,955 622,995 599,987 585,998 575,991 542,994 505,971 477,971 440,1002 430,995 408,998 374,971 355,975 325,966 295,975 255,960 242,973 220,967 165,1010 130,1015"/>
            </Shape>
            <String ID="ca172381-d849-45cf-89bc-d2bebe472e09-dummy-Word" HEIGHT="164" WIDTH="1806" HPOS="130" VPOS="851" CONTENT="heid wierd gebragt die veel fyner was als een menschen hair">
              <Shape>
                <Polygon POINTS="130,899 148,910 164,894 178,898 195,886 224,902 263,886 304,886 325,901 355,891 388,913 414,909 438,922 469,898 569,907 616,874 661,890 675,882 705,882 714,874 818,874 845,893 877,885 896,870 925,874 949,867 1016,894 1064,874 1075,879 1088,866 1122,878 1139,863 1171,871 1204,863 1211,870 1238,870 1249,881 1335,874 1349,882 1360,874 1412,890 1420,882 1450,886 1484,862 1526,886 1551,863 1565,870 1583,855 1607,862 1627,851 1694,851 1706,862 1724,862 1749,882 1764,882 1803,857 1832,858 1855,870 1874,859 1885,866 1906,858 1936,875 1935,923 1922,920 1912,930 1883,920 1827,951 1813,940 1791,941 1776,928 1759,928 1748,939 1723,937 1700,955 1689,955 1661,928 1619,951 1588,932 1541,932 1524,943 1499,935 1475,947 1451,945 1408,967 1364,939 1349,943 1341,936 1322,946 1309,943 1275,967 1259,955 1239,955 1229,963 1175,963 1147,943 1135,951 1113,944 1088,963 1062,944 987,944 966,959 955,956 924,983 903,963 874,979 843,959 804,959 784,948 772,955 723,952 715,960 665,955 622,995 599,987 585,998 575,991 542,994 505,971 477,971 440,1002 430,995 408,998 374,971 355,975 325,966 295,975 255,960 242,973 220,967 165,1010 130,1015"/>
              </Shape>
            </String>
          </TextLine>
          <TextLine ID="line_142b3cd5-152a-4f8f-883e-fb08b16e2582" HEIGHT="157" WIDTH="1833" HPOS="133" VPOS="919" STYLEREFS="textstyle-None---sans-serif---proportional---None---None---None">
            <Shape>
              <Polygon POINTS="133,1015 157,1006 167,1010 217,970 258,970 267,978 283,971 306,975 322,966 354,975 370,969 410,998 445,995 461,982 505,994 525,978 541,994 584,998 598,987 609,994 666,954 714,960 723,951 772,954 782,947 815,967 841,958 876,979 902,963 926,983 954,955 964,958 987,943 1023,943 1046,952 1060,943 1076,954 1084,946 1093,953 1120,943 1136,950 1146,942 1217,941 1236,955 1257,954 1273,967 1306,943 1322,946 1337,935 1379,935 1387,943 1397,935 1413,942 1427,935 1444,947 1462,947 1500,934 1524,945 1540,931 1586,931 1621,950 1626,946 1641,955 1669,946 1691,958 1741,931 1775,955 1793,939 1813,939 1830,950 1861,927 1894,919 1920,942 1941,934 1966,959 1966,1007 1945,1026 1926,1012 1909,1015 1898,1004 1885,1004 1845,1028 1791,1028 1777,1019 1762,1027 1722,1015 1673,1044 1661,1035 1641,1036 1631,1026 1625,1031 1602,1014 1580,1012 1540,1012 1479,1031 1459,1019 1446,1028 1430,1020 1410,1032 1384,1020 1367,1036 1333,1035 1299,1016 1282,1023 1252,1016 1223,1044 1201,1052 1153,1024 1083,1035 1058,1060 1048,1060 1038,1051 1023,1059 965,1023 950,1024 928,1043 889,1020 867,1031 848,1028 840,1036 793,1036 767,1024 721,1032 706,1024 660,1055 625,1060 611,1071 550,1071 536,1060 519,1068 503,1059 457,1067 438,1052 414,1053 375,1036 314,1043 302,1054 281,1035 255,1052 227,1047 183,1061 171,1056 151,1076 133,1070"/>
            </Shape>
            <String ID="line_142b3cd5-152a-4f8f-883e-fb08b16e2582-dummy-Word" HEIGHT="157" WIDTH="1833" HPOS="133" VPOS="919" CONTENT="het spinnen en winden van de goud en zilverdraad geschiedt">
              <Shape>
                <Polygon POINTS="133,1015 157,1006 167,1010 217,970 258,970 267,978 283,971 306,975 322,966 354,975 370,969 410,998 445,995 461,982 505,994 525,978 541,994 584,998 598,987 609,994 666,954 714,960 723,951 772,954 782,947 815,967 841,958 876,979 902,963 926,983 954,955 964,958 987,943 1023,943 1046,952 1060,943 1076,954 1084,946 1093,953 1120,943 1136,950 1146,942 1217,941 1236,955 1257,954 1273,967 1306,943 1322,946 1337,935 1379,935 1387,943 1397,935 1413,942 1427,935 1444,947 1462,947 1500,934 1524,945 1540,931 1586,931 1621,950 1626,946 1641,955 1669,946 1691,958 1741,931 1775,955 1793,939 1813,939 1830,950 1861,927 1894,919 1920,942 1941,934 1966,959 1966,1007 1945,1026 1926,1012 1909,1015 1898,1004 1885,1004 1845,1028 1791,1028 1777,1019 1762,1027 1722,1015 1673,1044 1661,1035 1641,1036 1631,1026 1625,1031 1602,1014 1580,1012 1540,1012 1479,1031 1459,1019 1446,1028 1430,1020 1410,1032 1384,1020 1367,1036 1333,1035 1299,1016 1282,1023 1252,1016 1223,1044 1201,1052 1153,1024 1083,1035 1058,1060 1048,1060 1038,1051 1023,1059 965,1023 950,1024 928,1043 889,1020 867,1031 848,1028 840,1036 793,1036 767,1024 721,1032 706,1024 660,1055 625,1060 611,1071 550,1071 536,1060 519,1068 503,1059 457,1067 438,1052 414,1053 375,1036 314,1043 302,1054 281,1035 255,1052 227,1047 183,1061 171,1056 151,1076 133,1070"/>
              </Shape>
            </String>
          </TextLine>
          <TextLine ID="d7082d66-71fc-40a9-900a-d97fb4a8c67e" HEIGHT="138" WIDTH="1865" HPOS="134" VPOS="1005" STYLEREFS="textstyle-None---sans-serif---proportional---None---None---None">
            <Shape>
              <Polygon POINTS="134,1069 152,1077 194,1050 224,1045 255,1053 276,1036 301,1053 318,1053 335,1037 375,1036 410,1053 440,1053 460,1068 497,1057 527,1063 571,1032 639,1061 664,1053 703,1025 731,1037 748,1036 765,1024 787,1036 800,1029 819,1038 850,1028 881,1029 891,1021 935,1021 959,1044 988,1036 1018,1060 1039,1052 1050,1061 1086,1033 1150,1025 1206,1053 1251,1017 1283,1024 1312,1017 1341,1037 1356,1037 1386,1017 1411,1033 1442,1014 1465,1028 1495,1028 1505,1037 1523,1020 1610,1011 1656,1044 1672,1045 1691,1029 1708,1029 1724,1013 1736,1020 1754,1005 1775,1012 1811,1005 1845,1029 1882,1005 1902,1005 1950,1029 1975,1021 1993,1039 1999,1033 1999,1080 1986,1090 1934,1093 1913,1078 1869,1088 1817,1086 1782,1114 1760,1121 1701,1117 1670,1093 1657,1101 1637,1090 1595,1113 1563,1086 1496,1101 1480,1117 1459,1101 1421,1101 1402,1090 1378,1100 1347,1090 1317,1109 1304,1105 1290,1114 1262,1093 1224,1090 1210,1104 1196,1098 1185,1106 1173,1102 1151,1117 1129,1096 1105,1094 1085,1114 1071,1110 1049,1125 1020,1106 1008,1113 989,1102 951,1109 938,1096 909,1106 899,1102 875,1126 858,1126 849,1117 841,1121 824,1106 799,1118 762,1102 729,1102 718,1109 689,1098 643,1110 622,1129 594,1124 571,1132 559,1123 547,1134 531,1125 498,1137 487,1126 448,1130 436,1122 392,1142 347,1122 323,1133 302,1114 291,1122 276,1109 218,1143 179,1123 165,1129 142,1111 134,1117"/>
            </Shape>
            <String ID="d7082d66-71fc-40a9-900a-d97fb4a8c67e-dummy-Word" HEIGHT="138" WIDTH="1865" HPOS="134" VPOS="1005" CONTENT="alleen door vrouwen die dit zeer handig doen, het passamentwe=">
              <Shape>
                <Polygon POINTS="134,1069 152,1077 194,1050 224,1045 255,1053 276,1036 301,1053 318,1053 335,1037 375,1036 410,1053 440,1053 460,1068 497,1057 527,1063 571,1032 639,1061 664,1053 703,1025 731,1037 748,1036 765,1024 787,1036 800,1029 819,1038 850,1028 881,1029 891,1021 935,1021 959,1044 988,1036 1018,1060 1039,1052 1050,1061 1086,1033 1150,1025 1206,1053 1251,1017 1283,1024 1312,1017 1341,1037 1356,1037 1386,1017 1411,1033 1442,1014 1465,1028 1495,1028 1505,1037 1523,1020 1610,1011 1656,1044 1672,1045 1691,1029 1708,1029 1724,1013 1736,1020 1754,1005 1775,1012 1811,1005 1845,1029 1882,1005 1902,1005 1950,1029 1975,1021 1993,1039 1999,1033 1999,1080 1986,1090 1934,1093 1913,1078 1869,1088 1817,1086 1782,1114 1760,1121 1701,1117 1670,1093 1657,1101 1637,1090 1595,1113 1563,1086 1496,1101 1480,1117 1459,1101 1421,1101 1402,1090 1378,1100 1347,1090 1317,1109 1304,1105 1290,1114 1262,1093 1224,1090 1210,1104 1196,1098 1185,1106 1173,1102 1151,1117 1129,1096 1105,1094 1085,1114 1071,1110 1049,1125 1020,1106 1008,1113 989,1102 951,1109 938,1096 909,1106 899,1102 875,1126 858,1126 849,1117 841,1121 824,1106 799,1118 762,1102 729,1102 718,1109 689,1098 643,1110 622,1129 594,1124 571,1132 559,1123 547,1134 531,1125 498,1137 487,1126 448,1130 436,1122 392,1142 347,1122 323,1133 302,1114 291,1122 276,1109 218,1143 179,1123 165,1129 142,1111 134,1117"/>
              </Shape>
            </String>
          </TextLine>
          <TextLine ID="line_5c69c06b-db73-4943-81a4-48fccd2fd287" HEIGHT="139" WIDTH="1846" HPOS="132" VPOS="1079" STYLEREFS="textstyle-None---sans-serif---proportional---None---None---None">
            <Shape>
              <Polygon POINTS="132,1150 190,1114 206,1122 218,1110 250,1122 277,1110 289,1122 303,1118 326,1130 367,1125 393,1142 438,1122 449,1130 490,1126 500,1133 522,1118 542,1134 561,1118 598,1134 621,1128 655,1099 693,1099 706,1110 762,1102 827,1134 849,1117 858,1126 875,1127 898,1106 920,1098 937,1098 952,1110 968,1106 1001,1133 1024,1110 1053,1123 1072,1110 1085,1114 1104,1095 1183,1106 1191,1098 1212,1102 1223,1091 1238,1090 1261,1094 1289,1114 1305,1105 1316,1110 1345,1091 1377,1101 1401,1091 1421,1102 1432,1094 1446,1106 1468,1098 1491,1106 1500,1099 1527,1102 1545,1087 1564,1087 1597,1114 1632,1090 1646,1094 1661,1087 1687,1110 1728,1122 1775,1117 1815,1087 1853,1090 1873,1079 1897,1086 1913,1079 1978,1112 1978,1159 1910,1191 1894,1187 1865,1205 1855,1199 1843,1207 1820,1199 1779,1207 1732,1191 1721,1180 1700,1195 1683,1187 1668,1199 1641,1185 1624,1191 1581,1183 1565,1191 1545,1183 1530,1191 1495,1187 1463,1207 1427,1191 1396,1187 1349,1197 1343,1191 1285,1191 1277,1184 1264,1195 1222,1187 1189,1199 1179,1189 1165,1195 1141,1182 1119,1194 1097,1185 1066,1195 1056,1187 1025,1215 1008,1215 983,1191 963,1191 931,1172 889,1194 870,1191 857,1203 801,1176 786,1176 769,1191 742,1191 734,1199 721,1195 690,1210 679,1203 667,1214 650,1215 618,1199 597,1203 578,1184 541,1183 516,1199 503,1199 472,1180 446,1180 429,1193 413,1183 385,1195 365,1191 348,1207 325,1199 313,1211 282,1196 253,1218 227,1207 217,1210 206,1199 178,1199 170,1191 146,1214 132,1201"/>
            </Shape>
            <String ID="line_5c69c06b-db73-4943-81a4-48fccd2fd287-dummy-Word" HEIGHT="139" WIDTH="1846" HPOS="132" VPOS="1079" CONTENT="ken hebben wy niet gezien doch de rykheid van het magazijn">
              <Shape>
                <Polygon POINTS="132,1150 190,1114 206,1122 218,1110 250,1122 277,1110 289,1122 303,1118 326,1130 367,1125 393,1142 438,1122 449,1130 490,1126 500,1133 522,1118 542,1134 561,1118 598,1134 621,1128 655,1099 693,1099 706,1110 762,1102 827,1134 849,1117 858,1126 875,1127 898,1106 920,1098 937,1098 952,1110 968,1106 1001,1133 1024,1110 1053,1123 1072,1110 1085,1114 1104,1095 1183,1106 1191,1098 1212,1102 1223,1091 1238,1090 1261,1094 1289,1114 1305,1105 1316,1110 1345,1091 1377,1101 1401,1091 1421,1102 1432,1094 1446,1106 1468,1098 1491,1106 1500,1099 1527,1102 1545,1087 1564,1087 1597,1114 1632,1090 1646,1094 1661,1087 1687,1110 1728,1122 1775,1117 1815,1087 1853,1090 1873,1079 1897,1086 1913,1079 1978,1112 1978,1159 1910,1191 1894,1187 1865,1205 1855,1199 1843,1207 1820,1199 1779,1207 1732,1191 1721,1180 1700,1195 1683,1187 1668,1199 1641,1185 1624,1191 1581,1183 1565,1191 1545,1183 1530,1191 1495,1187 1463,1207 1427,1191 1396,1187 1349,1197 1343,1191 1285,1191 1277,1184 1264,1195 1222,1187 1189,1199 1179,1189 1165,1195 1141,1182 1119,1194 1097,1185 1066,1195 1056,1187 1025,1215 1008,1215 983,1191 963,1191 931,1172 889,1194 870,1191 857,1203 801,1176 786,1176 769,1191 742,1191 734,1199 721,1195 690,1210 679,1203 667,1214 650,1215 618,1199 597,1203 578,1184 541,1183 516,1199 503,1199 472,1180 446,1180 429,1193 413,1183 385,1195 365,1191 348,1207 325,1199 313,1211 282,1196 253,1218 227,1207 217,1210 206,1199 178,1199 170,1191 146,1214 132,1201"/>
              </Shape>
            </String>
          </TextLine>
          <TextLine ID="line_66dd021b-9098-47c7-b2b6-53062f01e053" HEIGHT="135" WIDTH="790" HPOS="131" VPOS="1174" STYLEREFS="textstyle-None---sans-serif---proportional---None---None---None">
            <Shape>
              <Polygon POINTS="131,1174 149,1187 205,1198 233,1214 248,1214 281,1195 313,1211 325,1199 348,1206 365,1191 381,1195 410,1182 428,1193 446,1179 495,1183 514,1199 548,1182 583,1190 597,1203 619,1199 636,1214 662,1214 679,1203 688,1210 709,1206 720,1195 767,1191 783,1178 810,1179 861,1214 878,1202 896,1210 921,1200 921,1246 900,1248 845,1279 827,1264 783,1279 745,1271 731,1260 721,1267 706,1263 676,1284 661,1280 652,1287 625,1284 596,1262 567,1288 542,1266 514,1279 492,1272 464,1281 448,1275 436,1287 422,1287 372,1267 354,1252 321,1252 270,1295 256,1283 205,1287 179,1279 149,1304 140,1300 131,1309"/>
            </Shape>
            <String ID="line_66dd021b-9098-47c7-b2b6-53062f01e053-dummy-Word" HEIGHT="135" WIDTH="790" HPOS="131" VPOS="1174" CONTENT="van galonnen bewonderd.">
              <Shape>
                <Polygon POINTS="131,1174 149,1187 205,1198 233,1214 248,1214 281,1195 313,1211 325,1199 348,1206 365,1191 381,1195 410,1182 428,1193 446,1179 495,1183 514,1199 548,1182 583,1190 597,1203 619,1199 636,1214 662,1214 679,1203 688,1210 709,1206 720,1195 767,1191 783,1178 810,1179 861,1214 878,1202 896,1210 921,1200 921,1246 900,1248 845,1279 827,1264 783,1279 745,1271 731,1260 721,1267 706,1263 676,1284 661,1280 652,1287 625,1284 596,1262 567,1288 542,1266 514,1279 492,1272 464,1281 448,1275 436,1287 422,1287 372,1267 354,1252 321,1252 270,1295 256,1283 205,1287 179,1279 149,1304 140,1300 131,1309"/>
              </Shape>
            </String>
          </TextLine>
          <TextLine ID="line_0d01013a-b536-439c-9a1a-5fbafaa536f7" HEIGHT="216" WIDTH="1850" HPOS="143" VPOS="1164" STYLEREFS="textstyle-None---sans-serif---proportional---None---None---None">
            <Shape>
              <Polygon POINTS="143,1319 179,1283 218,1287 235,1271 272,1295 321,1252 354,1252 379,1271 395,1260 403,1268 426,1260 463,1283 558,1268 579,1251 624,1287 647,1276 675,1287 705,1264 722,1267 733,1260 757,1279 787,1259 826,1263 843,1279 893,1252 923,1264 959,1260 1069,1180 1119,1194 1145,1176 1188,1200 1235,1184 1245,1192 1351,1192 1368,1180 1382,1192 1451,1188 1468,1203 1493,1188 1529,1192 1545,1184 1560,1193 1578,1181 1599,1192 1630,1188 1650,1168 1674,1164 1694,1176 1713,1172 1872,1259 1952,1251 1974,1271 1993,1261 1993,1307 1957,1325 1924,1309 1895,1309 1863,1325 1823,1325 1812,1315 1790,1314 1766,1321 1747,1314 1716,1328 1703,1325 1678,1344 1631,1325 1595,1330 1570,1318 1513,1348 1446,1321 1414,1344 1388,1332 1368,1348 1335,1333 1316,1348 1288,1352 1262,1329 1212,1357 1172,1340 1152,1356 1126,1348 1093,1360 1062,1341 1042,1356 1028,1346 1008,1363 971,1348 951,1360 924,1338 911,1340 904,1333 873,1341 852,1333 776,1380 749,1372 714,1344 686,1337 653,1360 638,1352 614,1360 587,1345 545,1369 513,1365 505,1372 483,1357 476,1364 467,1357 447,1368 439,1360 421,1360 409,1372 379,1372 348,1349 336,1355 312,1344 266,1352 242,1345 215,1364 197,1360 189,1368 162,1364 151,1375 143,1372"/>
            </Shape>
            <String ID="line_0d01013a-b536-439c-9a1a-5fbafaa536f7-dummy-Word" HEIGHT="216" WIDTH="1850" HPOS="143" VPOS="1164" CONTENT="voor 18 Daalders namen wy hetzelfde ryting, waarmede wy gekomen wa=">
              <Shape>
                <Polygon POINTS="143,1319 179,1283 218,1287 235,1271 272,1295 321,1252 354,1252 379,1271 395,1260 403,1268 426,1260 463,1283 558,1268 579,1251 624,1287 647,1276 675,1287 705,1264 722,1267 733,1260 757,1279 787,1259 826,1263 843,1279 893,1252 923,1264 959,1260 1069,1180 1119,1194 1145,1176 1188,1200 1235,1184 1245,1192 1351,1192 1368,1180 1382,1192 1451,1188 1468,1203 1493,1188 1529,1192 1545,1184 1560,1193 1578,1181 1599,1192 1630,1188 1650,1168 1674,1164 1694,1176 1713,1172 1872,1259 1952,1251 1974,1271 1993,1261 1993,1307 1957,1325 1924,1309 1895,1309 1863,1325 1823,1325 1812,1315 1790,1314 1766,1321 1747,1314 1716,1328 1703,1325 1678,1344 1631,1325 1595,1330 1570,1318 1513,1348 1446,1321 1414,1344 1388,1332 1368,1348 1335,1333 1316,1348 1288,1352 1262,1329 1212,1357 1172,1340 1152,1356 1126,1348 1093,1360 1062,1341 1042,1356 1028,1346 1008,1363 971,1348 951,1360 924,1338 911,1340 904,1333 873,1341 852,1333 776,1380 749,1372 714,1344 686,1337 653,1360 638,1352 614,1360 587,1345 545,1369 513,1365 505,1372 483,1357 476,1364 467,1357 447,1368 439,1360 421,1360 409,1372 379,1372 348,1349 336,1355 312,1344 266,1352 242,1345 215,1364 197,1360 189,1368 162,1364 151,1375 143,1372"/>
              </Shape>
            </String>
          </TextLine>
          <TextLine ID="a3b1e9a6-135b-4b75-bb72-319bc800a6ec" HEIGHT="132" WIDTH="1857" HPOS="136" VPOS="1305" STYLEREFS="textstyle-None---sans-serif---proportional---None---None---None">
            <Shape>
              <Polygon POINTS="136,1336 169,1364 175,1360 187,1368 200,1360 214,1364 242,1344 286,1360 301,1347 310,1354 325,1348 373,1380 381,1372 422,1371 437,1359 448,1368 462,1356 489,1375 512,1364 521,1371 546,1368 588,1344 614,1359 627,1360 635,1352 653,1359 684,1336 713,1343 753,1374 777,1379 829,1340 853,1332 879,1344 911,1332 952,1358 972,1348 1009,1361 1023,1348 1050,1348 1065,1340 1096,1360 1129,1347 1159,1355 1178,1340 1201,1358 1214,1356 1263,1329 1288,1351 1308,1351 1336,1332 1369,1347 1387,1332 1414,1344 1446,1320 1457,1320 1479,1340 1523,1344 1546,1324 1573,1317 1604,1340 1619,1328 1635,1337 1662,1332 1675,1340 1745,1313 1777,1328 1836,1324 1844,1332 1855,1332 1880,1312 1912,1305 1970,1322 1984,1308 1993,1316 1993,1364 1948,1385 1892,1366 1839,1405 1785,1385 1760,1405 1732,1398 1712,1416 1697,1406 1676,1409 1619,1378 1593,1390 1566,1385 1548,1394 1524,1383 1468,1413 1417,1397 1370,1428 1329,1421 1319,1411 1302,1424 1262,1425 1241,1409 1219,1424 1204,1425 1146,1397 1106,1413 1067,1398 1040,1414 1026,1405 996,1429 979,1429 968,1418 954,1421 945,1413 896,1409 857,1433 811,1414 796,1424 787,1417 737,1426 725,1421 717,1429 693,1421 681,1433 652,1405 604,1429 558,1429 529,1413 509,1433 503,1429 493,1437 456,1421 446,1424 428,1410 392,1415 384,1423 371,1410 341,1422 322,1414 315,1421 291,1421 279,1413 231,1413 210,1421 195,1413 166,1413 146,1433 136,1429"/>
            </Shape>
            <String ID="a3b1e9a6-135b-4b75-bb72-319bc800a6ec-dummy-Word" HEIGHT="132" WIDTH="1857" HPOS="136" VPOS="1305" CONTENT="ren, aan om ons naar Jena te brengen de beste en zekerste weg zou gewis">
              <Shape>
                <Polygon POINTS="136,1336 169,1364 175,1360 187,1368 200,1360 214,1364 242,1344 286,1360 301,1347 310,1354 325,1348 373,1380 381,1372 422,1371 437,1359 448,1368 462,1356 489,1375 512,1364 521,1371 546,1368 588,1344 614,1359 627,1360 635,1352 653,1359 684,1336 713,1343 753,1374 777,1379 829,1340 853,1332 879,1344 911,1332 952,1358 972,1348 1009,1361 1023,1348 1050,1348 1065,1340 1096,1360 1129,1347 1159,1355 1178,1340 1201,1358 1214,1356 1263,1329 1288,1351 1308,1351 1336,1332 1369,1347 1387,1332 1414,1344 1446,1320 1457,1320 1479,1340 1523,1344 1546,1324 1573,1317 1604,1340 1619,1328 1635,1337 1662,1332 1675,1340 1745,1313 1777,1328 1836,1324 1844,1332 1855,1332 1880,1312 1912,1305 1970,1322 1984,1308 1993,1316 1993,1364 1948,1385 1892,1366 1839,1405 1785,1385 1760,1405 1732,1398 1712,1416 1697,1406 1676,1409 1619,1378 1593,1390 1566,1385 1548,1394 1524,1383 1468,1413 1417,1397 1370,1428 1329,1421 1319,1411 1302,1424 1262,1425 1241,1409 1219,1424 1204,1425 1146,1397 1106,1413 1067,1398 1040,1414 1026,1405 996,1429 979,1429 968,1418 954,1421 945,1413 896,1409 857,1433 811,1414 796,1424 787,1417 737,1426 725,1421 717,1429 693,1421 681,1433 652,1405 604,1429 558,1429 529,1413 509,1433 503,1429 493,1437 456,1421 446,1424 428,1410 392,1415 384,1423 371,1410 341,1422 322,1414 315,1421 291,1421 279,1413 231,1413 210,1421 195,1413 166,1413 146,1433 136,1429"/>
              </Shape>
            </String>
          </TextLine>
          <TextLine ID="f1a53eaa-bdbb-442c-b474-310da12a5b79" HEIGHT="154" WIDTH="1830" HPOS="130" VPOS="1365" STYLEREFS="textstyle-None---sans-serif---proportional---None---None---None">
            <Shape>
              <Polygon POINTS="130,1422 156,1437 186,1413 227,1423 244,1413 280,1413 296,1421 326,1416 344,1428 372,1409 387,1409 400,1420 427,1409 448,1424 472,1432 478,1426 493,1436 510,1432 530,1413 559,1420 575,1405 601,1413 652,1405 683,1433 703,1439 728,1424 739,1432 763,1417 804,1420 824,1436 842,1426 857,1433 895,1409 933,1416 955,1405 979,1428 995,1429 1054,1393 1075,1404 1087,1402 1099,1413 1131,1398 1209,1394 1225,1409 1246,1405 1257,1412 1268,1405 1298,1424 1306,1417 1315,1424 1322,1417 1348,1421 1370,1401 1386,1404 1397,1393 1411,1400 1427,1393 1458,1412 1490,1411 1499,1420 1516,1420 1538,1398 1550,1400 1566,1385 1594,1389 1618,1377 1639,1377 1674,1408 1698,1405 1710,1413 1732,1397 1761,1404 1785,1384 1815,1400 1841,1401 1891,1365 1903,1373 1915,1368 1932,1384 1960,1380 1960,1428 1939,1445 1910,1438 1886,1450 1860,1430 1839,1438 1790,1434 1751,1446 1695,1438 1655,1454 1634,1474 1596,1446 1556,1465 1526,1453 1502,1454 1475,1477 1437,1450 1417,1454 1406,1465 1396,1461 1347,1486 1317,1486 1303,1498 1278,1482 1257,1481 1235,1492 1206,1470 1186,1485 1150,1474 1135,1486 1114,1482 1099,1489 1071,1466 1025,1501 984,1485 942,1486 932,1478 923,1486 868,1485 852,1501 800,1485 779,1501 741,1510 709,1500 684,1509 640,1509 587,1485 559,1501 544,1489 531,1490 503,1510 471,1483 440,1486 432,1494 424,1486 403,1485 376,1497 361,1482 306,1482 279,1498 257,1493 222,1518 147,1502 130,1519"/>
            </Shape>
            <String ID="f1a53eaa-bdbb-442c-b474-310da12a5b79-dummy-Word" HEIGHT="154" WIDTH="1830" HPOS="130" VPOS="1365" CONTENT="over Allenburg en Gera geweest zyn dan om op deeze uit één uur te">
              <Shape>
                <Polygon POINTS="130,1422 156,1437 186,1413 227,1423 244,1413 280,1413 296,1421 326,1416 344,1428 372,1409 387,1409 400,1420 427,1409 448,1424 472,1432 478,1426 493,1436 510,1432 530,1413 559,1420 575,1405 601,1413 652,1405 683,1433 703,1439 728,1424 739,1432 763,1417 804,1420 824,1436 842,1426 857,1433 895,1409 933,1416 955,1405 979,1428 995,1429 1054,1393 1075,1404 1087,1402 1099,1413 1131,1398 1209,1394 1225,1409 1246,1405 1257,1412 1268,1405 1298,1424 1306,1417 1315,1424 1322,1417 1348,1421 1370,1401 1386,1404 1397,1393 1411,1400 1427,1393 1458,1412 1490,1411 1499,1420 1516,1420 1538,1398 1550,1400 1566,1385 1594,1389 1618,1377 1639,1377 1674,1408 1698,1405 1710,1413 1732,1397 1761,1404 1785,1384 1815,1400 1841,1401 1891,1365 1903,1373 1915,1368 1932,1384 1960,1380 1960,1428 1939,1445 1910,1438 1886,1450 1860,1430 1839,1438 1790,1434 1751,1446 1695,1438 1655,1454 1634,1474 1596,1446 1556,1465 1526,1453 1502,1454 1475,1477 1437,1450 1417,1454 1406,1465 1396,1461 1347,1486 1317,1486 1303,1498 1278,1482 1257,1481 1235,1492 1206,1470 1186,1485 1150,1474 1135,1486 1114,1482 1099,1489 1071,1466 1025,1501 984,1485 942,1486 932,1478 923,1486 868,1485 852,1501 800,1485 779,1501 741,1510 709,1500 684,1509 640,1509 587,1485 559,1501 544,1489 531,1490 503,1510 471,1483 440,1486 432,1494 424,1486 403,1485 376,1497 361,1482 306,1482 279,1498 257,1493 222,1518 147,1502 130,1519"/>
              </Shape>
            </String>
          </TextLine>
          <TextLine ID="line_70de7c1c-34c5-473e-9a4d-0d42d21801f9" HEIGHT="154" WIDTH="1827" HPOS="131" VPOS="1431" STYLEREFS="textstyle-None---sans-serif---proportional---None---None---None">
            <Shape>
              <Polygon POINTS="131,1521 142,1525 167,1502 225,1525 281,1501 305,1482 360,1482 413,1525 452,1525 468,1509 496,1514 537,1489 559,1502 573,1492 603,1491 645,1509 681,1478 709,1474 748,1474 785,1501 805,1501 820,1490 859,1505 901,1498 929,1509 960,1482 984,1485 1018,1505 1073,1466 1100,1489 1112,1482 1134,1486 1148,1474 1173,1486 1204,1470 1242,1497 1280,1484 1301,1498 1316,1486 1361,1481 1416,1454 1445,1454 1458,1465 1484,1467 1500,1454 1534,1458 1547,1450 1568,1458 1596,1447 1632,1474 1653,1454 1694,1439 1770,1446 1789,1435 1847,1438 1862,1431 1888,1454 1896,1446 1915,1453 1940,1443 1958,1447 1958,1494 1942,1504 1875,1497 1839,1508 1818,1497 1761,1512 1745,1504 1729,1515 1717,1508 1674,1543 1605,1550 1564,1527 1533,1535 1494,1512 1462,1520 1409,1516 1366,1554 1352,1542 1336,1551 1310,1547 1284,1531 1253,1558 1228,1555 1204,1563 1174,1547 1153,1559 1128,1547 1111,1562 1072,1547 1050,1554 1029,1548 1018,1558 1009,1551 958,1555 941,1562 922,1551 878,1574 858,1574 820,1543 782,1566 767,1556 750,1563 727,1551 704,1574 683,1562 666,1567 630,1563 620,1555 605,1564 589,1555 557,1565 500,1563 480,1581 461,1574 448,1585 415,1566 397,1575 365,1562 353,1574 339,1574 328,1563 292,1558 255,1574 231,1558 211,1555 176,1578 131,1547"/>
            </Shape>
            <String ID="line_70de7c1c-34c5-473e-9a4d-0d42d21801f9-dummy-Word" HEIGHT="154" WIDTH="1827" HPOS="131" VPOS="1431" CONTENT="winnen begaf zich onze voerman zoodanig aan het dwalen dat wy">
              <Shape>
                <Polygon POINTS="131,1521 142,1525 167,1502 225,1525 281,1501 305,1482 360,1482 413,1525 452,1525 468,1509 496,1514 537,1489 559,1502 573,1492 603,1491 645,1509 681,1478 709,1474 748,1474 785,1501 805,1501 820,1490 859,1505 901,1498 929,1509 960,1482 984,1485 1018,1505 1073,1466 1100,1489 1112,1482 1134,1486 1148,1474 1173,1486 1204,1470 1242,1497 1280,1484 1301,1498 1316,1486 1361,1481 1416,1454 1445,1454 1458,1465 1484,1467 1500,1454 1534,1458 1547,1450 1568,1458 1596,1447 1632,1474 1653,1454 1694,1439 1770,1446 1789,1435 1847,1438 1862,1431 1888,1454 1896,1446 1915,1453 1940,1443 1958,1447 1958,1494 1942,1504 1875,1497 1839,1508 1818,1497 1761,1512 1745,1504 1729,1515 1717,1508 1674,1543 1605,1550 1564,1527 1533,1535 1494,1512 1462,1520 1409,1516 1366,1554 1352,1542 1336,1551 1310,1547 1284,1531 1253,1558 1228,1555 1204,1563 1174,1547 1153,1559 1128,1547 1111,1562 1072,1547 1050,1554 1029,1548 1018,1558 1009,1551 958,1555 941,1562 922,1551 878,1574 858,1574 820,1543 782,1566 767,1556 750,1563 727,1551 704,1574 683,1562 666,1567 630,1563 620,1555 605,1564 589,1555 557,1565 500,1563 480,1581 461,1574 448,1585 415,1566 397,1575 365,1562 353,1574 339,1574 328,1563 292,1558 255,1574 231,1558 211,1555 176,1578 131,1547"/>
              </Shape>
            </String>
          </TextLine>
          <TextLine ID="c58227d1-9840-4b72-bcd3-793ce25ca22e" HEIGHT="169" WIDTH="1813" HPOS="134" VPOS="1493" STYLEREFS="textstyle-None---sans-serif---proportional---None---None---None">
            <Shape>
              <Polygon POINTS="134,1565 173,1580 201,1556 221,1560 239,1549 255,1558 306,1560 316,1569 339,1565 368,1580 387,1570 428,1566 450,1584 467,1569 478,1573 503,1563 523,1569 572,1557 606,1580 643,1560 667,1568 682,1560 702,1573 734,1566 746,1572 764,1557 781,1565 794,1553 802,1558 821,1541 839,1556 852,1553 870,1565 891,1548 908,1557 926,1552 947,1564 984,1553 1027,1561 1047,1549 1075,1545 1095,1560 1128,1549 1159,1556 1182,1548 1215,1572 1237,1557 1258,1556 1283,1532 1318,1550 1347,1537 1367,1553 1407,1517 1466,1516 1482,1524 1505,1516 1537,1533 1566,1525 1592,1541 1607,1533 1638,1534 1672,1509 1698,1520 1724,1507 1734,1513 1750,1503 1761,1513 1774,1501 1810,1504 1817,1497 1880,1509 1913,1493 1947,1512 1947,1559 1889,1596 1854,1589 1826,1564 1810,1574 1787,1566 1763,1577 1727,1573 1706,1585 1688,1578 1665,1591 1638,1578 1626,1590 1578,1581 1557,1598 1538,1589 1523,1597 1509,1594 1489,1614 1475,1617 1400,1586 1392,1593 1382,1590 1359,1610 1308,1590 1278,1616 1249,1601 1203,1626 1179,1614 1143,1629 1115,1626 1107,1634 1096,1633 1065,1605 1039,1613 1022,1606 1005,1622 975,1622 934,1638 891,1613 872,1614 827,1638 790,1622 762,1633 696,1622 683,1630 673,1626 646,1653 596,1646 579,1630 547,1637 523,1614 473,1630 454,1646 431,1630 401,1641 379,1633 346,1646 327,1627 316,1630 304,1622 278,1645 252,1637 227,1661 211,1662 188,1661 134,1618"/>
            </Shape>
            <String ID="c58227d1-9840-4b72-bcd3-793ce25ca22e-dummy-Word" HEIGHT="169" WIDTH="1813" HPOS="134" VPOS="1493" CONTENT="volstrekt niet meer wisten waar wy in de wereld waren: om half">
              <Shape>
                <Polygon POINTS="134,1565 173,1580 201,1556 221,1560 239,1549 255,1558 306,1560 316,1569 339,1565 368,1580 387,1570 428,1566 450,1584 467,1569 478,1573 503,1563 523,1569 572,1557 606,1580 643,1560 667,1568 682,1560 702,1573 734,1566 746,1572 764,1557 781,1565 794,1553 802,1558 821,1541 839,1556 852,1553 870,1565 891,1548 908,1557 926,1552 947,1564 984,1553 1027,1561 1047,1549 1075,1545 1095,1560 1128,1549 1159,1556 1182,1548 1215,1572 1237,1557 1258,1556 1283,1532 1318,1550 1347,1537 1367,1553 1407,1517 1466,1516 1482,1524 1505,1516 1537,1533 1566,1525 1592,1541 1607,1533 1638,1534 1672,1509 1698,1520 1724,1507 1734,1513 1750,1503 1761,1513 1774,1501 1810,1504 1817,1497 1880,1509 1913,1493 1947,1512 1947,1559 1889,1596 1854,1589 1826,1564 1810,1574 1787,1566 1763,1577 1727,1573 1706,1585 1688,1578 1665,1591 1638,1578 1626,1590 1578,1581 1557,1598 1538,1589 1523,1597 1509,1594 1489,1614 1475,1617 1400,1586 1392,1593 1382,1590 1359,1610 1308,1590 1278,1616 1249,1601 1203,1626 1179,1614 1143,1629 1115,1626 1107,1634 1096,1633 1065,1605 1039,1613 1022,1606 1005,1622 975,1622 934,1638 891,1613 872,1614 827,1638 790,1622 762,1633 696,1622 683,1630 673,1626 646,1653 596,1646 579,1630 547,1637 523,1614 473,1630 454,1646 431,1630 401,1641 379,1633 346,1646 327,1627 316,1630 304,1622 278,1645 252,1637 227,1661 211,1662 188,1661 134,1618"/>
              </Shape>
            </String>
          </TextLine>
          <TextLine ID="line_0573e8a7-5b93-4bb3-87b5-6bb70f140ad4" HEIGHT="164" WIDTH="1840" HPOS="131" VPOS="1563" STYLEREFS="textstyle-None---sans-serif---proportional---None---None---None">
            <Shape>
              <Polygon POINTS="131,1659 173,1650 192,1662 210,1662 249,1638 268,1635 297,1646 325,1627 347,1647 363,1635 408,1639 432,1630 452,1642 472,1623 504,1624 515,1615 548,1638 555,1631 581,1631 598,1647 622,1651 643,1638 654,1642 674,1626 702,1630 708,1624 718,1634 727,1627 740,1634 760,1615 779,1629 792,1622 824,1638 835,1627 854,1627 883,1610 914,1627 947,1630 959,1623 967,1628 1005,1622 1026,1606 1064,1642 1078,1644 1094,1634 1190,1611 1202,1618 1226,1615 1251,1601 1270,1607 1288,1591 1321,1591 1345,1606 1377,1587 1405,1587 1475,1618 1490,1614 1509,1595 1523,1598 1530,1591 1551,1598 1566,1583 1598,1580 1609,1591 1619,1587 1633,1598 1651,1599 1674,1579 1742,1579 1754,1567 1785,1567 1795,1575 1831,1563 1888,1598 1912,1578 1937,1577 1960,1590 1971,1583 1971,1629 1964,1622 1951,1635 1926,1636 1875,1671 1832,1635 1820,1647 1810,1638 1770,1636 1690,1680 1637,1648 1605,1659 1584,1655 1549,1680 1510,1658 1482,1661 1454,1652 1432,1663 1421,1652 1407,1652 1383,1667 1366,1659 1335,1668 1303,1665 1248,1684 1227,1668 1206,1668 1179,1685 1149,1667 1133,1683 1107,1680 1063,1701 1051,1694 1039,1703 998,1668 946,1684 932,1680 909,1703 897,1694 883,1703 851,1679 843,1684 812,1676 795,1684 785,1676 765,1676 758,1683 741,1676 696,1707 657,1684 640,1695 625,1688 588,1691 579,1684 514,1718 440,1708 411,1723 369,1696 340,1700 298,1727 262,1724 252,1716 243,1720 205,1701 194,1708 176,1703 153,1716 131,1715"/>
            </Shape>
            <String ID="line_0573e8a7-5b93-4bb3-87b5-6bb70f140ad4-dummy-Word" HEIGHT="164" WIDTH="1840" HPOS="131" VPOS="1563" CONTENT="vier zaten wy 's morgens al op de wagen en des avonds om tien uren">
              <Shape>
                <Polygon POINTS="131,1659 173,1650 192,1662 210,1662 249,1638 268,1635 297,1646 325,1627 347,1647 363,1635 408,1639 432,1630 452,1642 472,1623 504,1624 515,1615 548,1638 555,1631 581,1631 598,1647 622,1651 643,1638 654,1642 674,1626 702,1630 708,1624 718,1634 727,1627 740,1634 760,1615 779,1629 792,1622 824,1638 835,1627 854,1627 883,1610 914,1627 947,1630 959,1623 967,1628 1005,1622 1026,1606 1064,1642 1078,1644 1094,1634 1190,1611 1202,1618 1226,1615 1251,1601 1270,1607 1288,1591 1321,1591 1345,1606 1377,1587 1405,1587 1475,1618 1490,1614 1509,1595 1523,1598 1530,1591 1551,1598 1566,1583 1598,1580 1609,1591 1619,1587 1633,1598 1651,1599 1674,1579 1742,1579 1754,1567 1785,1567 1795,1575 1831,1563 1888,1598 1912,1578 1937,1577 1960,1590 1971,1583 1971,1629 1964,1622 1951,1635 1926,1636 1875,1671 1832,1635 1820,1647 1810,1638 1770,1636 1690,1680 1637,1648 1605,1659 1584,1655 1549,1680 1510,1658 1482,1661 1454,1652 1432,1663 1421,1652 1407,1652 1383,1667 1366,1659 1335,1668 1303,1665 1248,1684 1227,1668 1206,1668 1179,1685 1149,1667 1133,1683 1107,1680 1063,1701 1051,1694 1039,1703 998,1668 946,1684 932,1680 909,1703 897,1694 883,1703 851,1679 843,1684 812,1676 795,1684 785,1676 765,1676 758,1683 741,1676 696,1707 657,1684 640,1695 625,1688 588,1691 579,1684 514,1718 440,1708 411,1723 369,1696 340,1700 298,1727 262,1724 252,1716 243,1720 205,1701 194,1708 176,1703 153,1716 131,1715"/>
              </Shape>
            </String>
          </TextLine>
          <TextLine ID="line_705b05a7-0cbd-4ba4-897f-ec190b6fe907" HEIGHT="171" WIDTH="1867" HPOS="126" VPOS="1628" STYLEREFS="textstyle-None---sans-serif---proportional---None---None---None">
            <Shape>
              <Polygon POINTS="126,1713 134,1715 158,1695 191,1695 210,1707 241,1699 267,1710 304,1695 331,1710 356,1695 396,1707 410,1720 433,1711 464,1726 501,1714 523,1722 580,1683 588,1691 625,1687 671,1714 737,1679 757,1683 772,1675 798,1687 811,1679 835,1702 843,1696 867,1711 894,1695 908,1703 924,1687 946,1690 977,1671 1014,1680 1037,1703 1061,1703 1091,1683 1115,1687 1144,1671 1162,1671 1179,1685 1196,1671 1227,1670 1244,1685 1320,1663 1364,1675 1376,1663 1398,1663 1409,1652 1431,1663 1455,1652 1474,1663 1507,1659 1539,1686 1564,1663 1593,1667 1626,1648 1641,1659 1671,1652 1685,1663 1724,1663 1738,1655 1750,1659 1771,1640 1789,1636 1821,1647 1839,1632 1893,1628 1914,1642 1931,1628 1951,1636 1960,1631 1993,1655 1993,1703 1963,1712 1950,1725 1838,1724 1823,1712 1795,1728 1779,1721 1747,1732 1733,1718 1701,1713 1670,1744 1653,1740 1620,1760 1593,1752 1571,1769 1560,1760 1528,1764 1477,1732 1440,1732 1406,1751 1365,1744 1335,1760 1297,1740 1244,1772 1201,1733 1178,1733 1144,1756 1108,1740 1078,1740 1062,1748 1044,1737 1009,1765 967,1760 944,1775 925,1760 884,1764 863,1745 845,1752 834,1748 825,1756 815,1752 787,1770 771,1757 755,1764 731,1749 720,1760 710,1752 684,1760 667,1775 628,1760 605,1760 592,1772 572,1772 550,1784 534,1783 500,1764 450,1799 400,1794 367,1764 359,1772 349,1764 290,1772 279,1781 256,1764 229,1772 213,1760 180,1760 140,1788 126,1784"/>
            </Shape>
            <String ID="line_705b05a7-0cbd-4ba4-897f-ec190b6fe907-dummy-Word" HEIGHT="171" WIDTH="1867" HPOS="126" VPOS="1628" CONTENT="arriveerde, wy instik donker te Crunnitschan geheel zydelings af van Al„">
              <Shape>
                <Polygon POINTS="126,1713 134,1715 158,1695 191,1695 210,1707 241,1699 267,1710 304,1695 331,1710 356,1695 396,1707 410,1720 433,1711 464,1726 501,1714 523,1722 580,1683 588,1691 625,1687 671,1714 737,1679 757,1683 772,1675 798,1687 811,1679 835,1702 843,1696 867,1711 894,1695 908,1703 924,1687 946,1690 977,1671 1014,1680 1037,1703 1061,1703 1091,1683 1115,1687 1144,1671 1162,1671 1179,1685 1196,1671 1227,1670 1244,1685 1320,1663 1364,1675 1376,1663 1398,1663 1409,1652 1431,1663 1455,1652 1474,1663 1507,1659 1539,1686 1564,1663 1593,1667 1626,1648 1641,1659 1671,1652 1685,1663 1724,1663 1738,1655 1750,1659 1771,1640 1789,1636 1821,1647 1839,1632 1893,1628 1914,1642 1931,1628 1951,1636 1960,1631 1993,1655 1993,1703 1963,1712 1950,1725 1838,1724 1823,1712 1795,1728 1779,1721 1747,1732 1733,1718 1701,1713 1670,1744 1653,1740 1620,1760 1593,1752 1571,1769 1560,1760 1528,1764 1477,1732 1440,1732 1406,1751 1365,1744 1335,1760 1297,1740 1244,1772 1201,1733 1178,1733 1144,1756 1108,1740 1078,1740 1062,1748 1044,1737 1009,1765 967,1760 944,1775 925,1760 884,1764 863,1745 845,1752 834,1748 825,1756 815,1752 787,1770 771,1757 755,1764 731,1749 720,1760 710,1752 684,1760 667,1775 628,1760 605,1760 592,1772 572,1772 550,1784 534,1783 500,1764 450,1799 400,1794 367,1764 359,1772 349,1764 290,1772 279,1781 256,1764 229,1772 213,1760 180,1760 140,1788 126,1784"/>
              </Shape>
            </String>
          </TextLine>
          <TextLine ID="line_76f13862-b125-4158-a76f-ee3bdee4cf39" HEIGHT="156" WIDTH="1828" HPOS="129" VPOS="1710" STYLEREFS="textstyle-None---sans-serif---proportional---None---None---None">
            <Shape>
              <Polygon POINTS="129,1757 139,1753 157,1770 204,1761 230,1771 248,1761 273,1780 312,1761 326,1767 348,1757 415,1804 431,1796 451,1800 502,1764 537,1784 586,1772 609,1785 637,1767 668,1773 686,1757 741,1783 756,1770 767,1781 780,1781 815,1753 833,1763 860,1745 897,1749 953,1773 968,1761 976,1769 1003,1764 1044,1738 1057,1738 1070,1749 1079,1741 1105,1740 1129,1761 1189,1734 1203,1734 1225,1749 1255,1733 1278,1733 1289,1741 1304,1737 1336,1761 1367,1745 1374,1749 1409,1726 1429,1726 1440,1733 1481,1733 1550,1764 1578,1757 1608,1733 1625,1741 1673,1741 1707,1710 1773,1733 1788,1733 1824,1713 1839,1725 1873,1717 1933,1729 1943,1724 1957,1738 1957,1786 1947,1795 1860,1799 1825,1788 1804,1803 1790,1791 1769,1802 1756,1795 1717,1819 1702,1807 1692,1814 1680,1802 1655,1814 1647,1806 1631,1810 1620,1800 1587,1830 1563,1826 1547,1838 1523,1822 1473,1822 1457,1829 1421,1804 1391,1830 1310,1830 1258,1841 1241,1837 1213,1811 1194,1807 1187,1814 1173,1811 1134,1850 1093,1830 1048,1834 1036,1846 1014,1834 990,1834 962,1853 918,1841 894,1846 879,1834 864,1842 810,1830 758,1866 705,1837 686,1849 596,1837 573,1846 547,1834 505,1842 478,1834 468,1841 442,1838 411,1861 381,1861 348,1837 332,1834 322,1842 317,1838 288,1865 268,1861 243,1838 227,1852 204,1837 169,1838 159,1830 129,1853"/>
            </Shape>
            <String ID="line_76f13862-b125-4158-a76f-ee3bdee4cf39-dummy-Word" HEIGHT="156" WIDTH="1828" HPOS="129" VPOS="1710" CONTENT="tenburg liggende waar wij de nagtdagten door te brengen, in al die">
              <Shape>
                <Polygon POINTS="129,1757 139,1753 157,1770 204,1761 230,1771 248,1761 273,1780 312,1761 326,1767 348,1757 415,1804 431,1796 451,1800 502,1764 537,1784 586,1772 609,1785 637,1767 668,1773 686,1757 741,1783 756,1770 767,1781 780,1781 815,1753 833,1763 860,1745 897,1749 953,1773 968,1761 976,1769 1003,1764 1044,1738 1057,1738 1070,1749 1079,1741 1105,1740 1129,1761 1189,1734 1203,1734 1225,1749 1255,1733 1278,1733 1289,1741 1304,1737 1336,1761 1367,1745 1374,1749 1409,1726 1429,1726 1440,1733 1481,1733 1550,1764 1578,1757 1608,1733 1625,1741 1673,1741 1707,1710 1773,1733 1788,1733 1824,1713 1839,1725 1873,1717 1933,1729 1943,1724 1957,1738 1957,1786 1947,1795 1860,1799 1825,1788 1804,1803 1790,1791 1769,1802 1756,1795 1717,1819 1702,1807 1692,1814 1680,1802 1655,1814 1647,1806 1631,1810 1620,1800 1587,1830 1563,1826 1547,1838 1523,1822 1473,1822 1457,1829 1421,1804 1391,1830 1310,1830 1258,1841 1241,1837 1213,1811 1194,1807 1187,1814 1173,1811 1134,1850 1093,1830 1048,1834 1036,1846 1014,1834 990,1834 962,1853 918,1841 894,1846 879,1834 864,1842 810,1830 758,1866 705,1837 686,1849 596,1837 573,1846 547,1834 505,1842 478,1834 468,1841 442,1838 411,1861 381,1861 348,1837 332,1834 322,1842 317,1838 288,1865 268,1861 243,1838 227,1852 204,1837 169,1838 159,1830 129,1853"/>
              </Shape>
            </String>
          </TextLine>
          <TextLine ID="e20bc0fd-e38d-4a6e-87a3-e8102b85282e" HEIGHT="147" WIDTH="1842" HPOS="136" VPOS="1787" STYLEREFS="textstyle-None---sans-serif---proportional---None---None---None">
            <Shape>
              <Polygon POINTS="136,1850 167,1831 205,1837 227,1850 244,1838 269,1862 281,1862 340,1827 361,1847 392,1859 415,1859 442,1839 467,1842 484,1827 501,1842 519,1842 533,1830 596,1850 614,1842 637,1850 645,1843 661,1846 680,1827 701,1836 740,1830 768,1858 793,1843 809,1850 833,1833 880,1844 919,1827 937,1830 959,1851 1005,1831 1036,1847 1048,1835 1094,1831 1137,1850 1178,1814 1191,1811 1215,1811 1241,1834 1259,1839 1302,1835 1313,1827 1326,1831 1337,1822 1357,1833 1390,1830 1421,1803 1439,1804 1451,1814 1457,1808 1488,1812 1501,1822 1529,1826 1541,1838 1564,1839 1587,1830 1616,1803 1665,1814 1697,1791 1709,1799 1731,1791 1740,1799 1758,1795 1768,1802 1793,1791 1806,1802 1821,1787 1869,1802 1939,1792 1964,1815 1978,1811 1978,1858 1963,1856 1904,1903 1864,1872 1853,1876 1841,1864 1824,1875 1792,1868 1772,1876 1733,1864 1712,1881 1692,1884 1656,1868 1597,1868 1582,1876 1557,1872 1549,1879 1533,1872 1484,1915 1477,1909 1458,1912 1450,1904 1437,1907 1385,1879 1355,1903 1313,1900 1293,1919 1263,1903 1237,1923 1212,1908 1192,1911 1184,1903 1137,1917 1101,1886 1069,1903 1056,1892 1033,1895 1018,1884 998,1891 985,1887 976,1895 958,1884 935,1904 902,1890 876,1898 855,1895 842,1908 820,1900 808,1908 737,1903 697,1915 678,1900 649,1900 613,1924 589,1901 578,1907 565,1900 533,1924 487,1932 469,1931 457,1920 409,1904 374,1916 324,1907 296,1915 265,1905 238,1923 218,1916 194,1934 158,1915 136,1928"/>
            </Shape>
            <String ID="e20bc0fd-e38d-4a6e-87a3-e8102b85282e-dummy-Word" HEIGHT="147" WIDTH="1842" HPOS="136" VPOS="1787" CONTENT="tyd hadden de paarden maar eens uitgespant geweest, en wy op">
              <Shape>
                <Polygon POINTS="136,1850 167,1831 205,1837 227,1850 244,1838 269,1862 281,1862 340,1827 361,1847 392,1859 415,1859 442,1839 467,1842 484,1827 501,1842 519,1842 533,1830 596,1850 614,1842 637,1850 645,1843 661,1846 680,1827 701,1836 740,1830 768,1858 793,1843 809,1850 833,1833 880,1844 919,1827 937,1830 959,1851 1005,1831 1036,1847 1048,1835 1094,1831 1137,1850 1178,1814 1191,1811 1215,1811 1241,1834 1259,1839 1302,1835 1313,1827 1326,1831 1337,1822 1357,1833 1390,1830 1421,1803 1439,1804 1451,1814 1457,1808 1488,1812 1501,1822 1529,1826 1541,1838 1564,1839 1587,1830 1616,1803 1665,1814 1697,1791 1709,1799 1731,1791 1740,1799 1758,1795 1768,1802 1793,1791 1806,1802 1821,1787 1869,1802 1939,1792 1964,1815 1978,1811 1978,1858 1963,1856 1904,1903 1864,1872 1853,1876 1841,1864 1824,1875 1792,1868 1772,1876 1733,1864 1712,1881 1692,1884 1656,1868 1597,1868 1582,1876 1557,1872 1549,1879 1533,1872 1484,1915 1477,1909 1458,1912 1450,1904 1437,1907 1385,1879 1355,1903 1313,1900 1293,1919 1263,1903 1237,1923 1212,1908 1192,1911 1184,1903 1137,1917 1101,1886 1069,1903 1056,1892 1033,1895 1018,1884 998,1891 985,1887 976,1895 958,1884 935,1904 902,1890 876,1898 855,1895 842,1908 820,1900 808,1908 737,1903 697,1915 678,1900 649,1900 613,1924 589,1901 578,1907 565,1900 533,1924 487,1932 469,1931 457,1920 409,1904 374,1916 324,1907 296,1915 265,1905 238,1923 218,1916 194,1934 158,1915 136,1928"/>
              </Shape>
            </String>
          </TextLine>
          <TextLine ID="e1ba4205-fd31-415e-9e16-a5eec6b2e1f1" HEIGHT="151" WIDTH="1857" HPOS="134" VPOS="1862" STYLEREFS="textstyle-None---sans-serif---proportional---None---None---None">
            <Shape>
              <Polygon POINTS="134,1931 159,1917 206,1940 256,1908 302,1916 350,1903 364,1916 383,1910 396,1921 416,1908 468,1932 487,1933 517,1924 536,1928 562,1906 605,1904 613,1897 628,1909 664,1900 709,1919 738,1904 780,1912 819,1900 860,1913 904,1885 937,1908 983,1888 992,1893 1014,1885 1045,1897 1059,1893 1067,1901 1100,1889 1136,1920 1166,1910 1173,1916 1210,1908 1238,1924 1266,1902 1294,1914 1328,1908 1339,1913 1383,1882 1423,1893 1439,1908 1485,1913 1533,1874 1582,1877 1590,1870 1667,1870 1694,1885 1734,1866 1771,1877 1793,1867 1810,1873 1841,1862 1900,1904 1938,1870 1950,1877 1982,1873 1991,1882 1991,1929 1985,1924 1960,1939 1941,1936 1924,1948 1910,1947 1880,1974 1854,1958 1826,1971 1792,1951 1746,1974 1722,1974 1698,1950 1654,1957 1642,1946 1626,1947 1606,1967 1584,1947 1555,1974 1522,1956 1496,1970 1439,1978 1412,1958 1384,1982 1360,1982 1352,1990 1328,1974 1292,1974 1274,1964 1241,1989 1225,1990 1210,1979 1197,1985 1186,1974 1154,1974 1141,1964 1103,1966 1045,1990 1006,1958 967,1981 956,1974 937,1982 923,1977 903,1982 888,1997 856,1994 835,1978 814,1981 803,1973 779,1990 767,1990 750,1974 715,1979 683,1973 659,1981 638,1967 612,1982 569,1982 559,1973 539,1989 531,1981 484,1982 459,1971 442,1981 414,1971 397,1985 348,1977 334,1986 321,1974 280,1989 268,1979 244,1982 189,2013 165,2001 138,1974 134,1978"/>
            </Shape>
            <String ID="e1ba4205-fd31-415e-9e16-a5eec6b2e1f1-dummy-Word" HEIGHT="151" WIDTH="1857" HPOS="134" VPOS="1862" CONTENT="zyn best een uur anderhalf uit dewagen geweest: dan met korte">
              <Shape>
                <Polygon POINTS="134,1931 159,1917 206,1940 256,1908 302,1916 350,1903 364,1916 383,1910 396,1921 416,1908 468,1932 487,1933 517,1924 536,1928 562,1906 605,1904 613,1897 628,1909 664,1900 709,1919 738,1904 780,1912 819,1900 860,1913 904,1885 937,1908 983,1888 992,1893 1014,1885 1045,1897 1059,1893 1067,1901 1100,1889 1136,1920 1166,1910 1173,1916 1210,1908 1238,1924 1266,1902 1294,1914 1328,1908 1339,1913 1383,1882 1423,1893 1439,1908 1485,1913 1533,1874 1582,1877 1590,1870 1667,1870 1694,1885 1734,1866 1771,1877 1793,1867 1810,1873 1841,1862 1900,1904 1938,1870 1950,1877 1982,1873 1991,1882 1991,1929 1985,1924 1960,1939 1941,1936 1924,1948 1910,1947 1880,1974 1854,1958 1826,1971 1792,1951 1746,1974 1722,1974 1698,1950 1654,1957 1642,1946 1626,1947 1606,1967 1584,1947 1555,1974 1522,1956 1496,1970 1439,1978 1412,1958 1384,1982 1360,1982 1352,1990 1328,1974 1292,1974 1274,1964 1241,1989 1225,1990 1210,1979 1197,1985 1186,1974 1154,1974 1141,1964 1103,1966 1045,1990 1006,1958 967,1981 956,1974 937,1982 923,1977 903,1982 888,1997 856,1994 835,1978 814,1981 803,1973 779,1990 767,1990 750,1974 715,1979 683,1973 659,1981 638,1967 612,1982 569,1982 559,1973 539,1989 531,1981 484,1982 459,1971 442,1981 414,1971 397,1985 348,1977 334,1986 321,1974 280,1989 268,1979 244,1982 189,2013 165,2001 138,1974 134,1978"/>
              </Shape>
            </String>
          </TextLine>
          <TextLine ID="line_335e6648-8b1a-401b-8044-7ec9bbc1741d" HEIGHT="137" WIDTH="1865" HPOS="126" VPOS="1947" STYLEREFS="textstyle-None---sans-serif---proportional---None---None---None">
            <Shape>
              <Polygon POINTS="126,1985 141,1975 189,2011 208,1999 226,1999 248,1979 266,1979 279,1991 319,1971 337,1985 353,1975 396,1987 414,1971 428,1969 440,1979 458,1972 497,1983 530,1982 559,1999 596,1995 612,2002 630,1991 660,2006 696,1975 715,1979 753,1971 779,1990 802,1971 810,1979 828,1979 850,1998 888,1998 923,1975 945,1979 974,1961 987,1971 1004,1959 1045,1991 1064,1975 1084,1978 1129,1963 1155,1975 1178,1975 1205,1991 1223,1983 1239,1990 1273,1963 1309,1979 1325,1972 1351,1991 1412,1956 1434,1975 1469,1971 1479,1963 1495,1971 1522,1957 1554,1975 1584,1948 1603,1967 1626,1948 1642,1947 1654,1956 1689,1948 1724,1975 1791,1951 1824,1971 1858,1955 1872,1967 1883,1959 1934,1967 1958,1947 1991,1964 1991,2012 1969,2032 1933,2022 1897,2041 1855,2028 1839,2044 1804,2052 1772,2025 1759,2029 1751,2021 1734,2032 1715,2020 1691,2037 1670,2036 1658,2045 1612,2021 1568,2056 1552,2044 1523,2060 1481,2056 1455,2036 1426,2048 1409,2033 1394,2036 1379,2025 1324,2048 1280,2028 1266,2040 1250,2032 1229,2052 1211,2063 1200,2060 1182,2076 1128,2036 1087,2037 1061,2052 1047,2048 1018,2060 967,2037 930,2040 922,2048 894,2037 836,2064 818,2082 804,2072 795,2076 755,2037 739,2044 711,2040 699,2048 682,2037 628,2067 599,2069 589,2060 560,2060 552,2052 539,2060 503,2060 463,2048 449,2060 437,2048 426,2048 411,2059 391,2059 360,2048 316,2056 288,2045 258,2045 215,2084 171,2068 147,2083 126,2065"/>
            </Shape>
            <String ID="line_335e6648-8b1a-401b-8044-7ec9bbc1741d-dummy-Word" HEIGHT="137" WIDTH="1865" HPOS="126" VPOS="1947" CONTENT="woorden zal ik in verslag van dien dag doen. om half vier depoort">
              <Shape>
                <Polygon POINTS="126,1985 141,1975 189,2011 208,1999 226,1999 248,1979 266,1979 279,1991 319,1971 337,1985 353,1975 396,1987 414,1971 428,1969 440,1979 458,1972 497,1983 530,1982 559,1999 596,1995 612,2002 630,1991 660,2006 696,1975 715,1979 753,1971 779,1990 802,1971 810,1979 828,1979 850,1998 888,1998 923,1975 945,1979 974,1961 987,1971 1004,1959 1045,1991 1064,1975 1084,1978 1129,1963 1155,1975 1178,1975 1205,1991 1223,1983 1239,1990 1273,1963 1309,1979 1325,1972 1351,1991 1412,1956 1434,1975 1469,1971 1479,1963 1495,1971 1522,1957 1554,1975 1584,1948 1603,1967 1626,1948 1642,1947 1654,1956 1689,1948 1724,1975 1791,1951 1824,1971 1858,1955 1872,1967 1883,1959 1934,1967 1958,1947 1991,1964 1991,2012 1969,2032 1933,2022 1897,2041 1855,2028 1839,2044 1804,2052 1772,2025 1759,2029 1751,2021 1734,2032 1715,2020 1691,2037 1670,2036 1658,2045 1612,2021 1568,2056 1552,2044 1523,2060 1481,2056 1455,2036 1426,2048 1409,2033 1394,2036 1379,2025 1324,2048 1280,2028 1266,2040 1250,2032 1229,2052 1211,2063 1200,2060 1182,2076 1128,2036 1087,2037 1061,2052 1047,2048 1018,2060 967,2037 930,2040 922,2048 894,2037 836,2064 818,2082 804,2072 795,2076 755,2037 739,2044 711,2040 699,2048 682,2037 628,2067 599,2069 589,2060 560,2060 552,2052 539,2060 503,2060 463,2048 449,2060 437,2048 426,2048 411,2059 391,2059 360,2048 316,2056 288,2045 258,2045 215,2084 171,2068 147,2083 126,2065"/>
              </Shape>
            </String>
          </TextLine>
          <TextLine ID="c5a25278-95aa-4beb-9e76-f9cef27d784b" HEIGHT="155" WIDTH="1866" HPOS="128" VPOS="2011" STYLEREFS="textstyle-None---sans-serif---proportional---None---None---None">
            <Shape>
              <Polygon POINTS="128,2070 144,2082 167,2086 198,2078 218,2082 264,2042 327,2054 367,2046 381,2058 393,2058 405,2046 450,2042 476,2046 488,2058 502,2054 520,2069 546,2054 565,2062 589,2046 606,2062 630,2062 642,2070 680,2062 696,2046 711,2054 730,2038 747,2038 798,2074 815,2062 830,2067 843,2054 870,2054 891,2038 966,2038 1014,2062 1048,2049 1059,2054 1078,2038 1097,2046 1120,2035 1150,2054 1156,2051 1171,2066 1197,2066 1209,2054 1229,2054 1249,2037 1299,2034 1309,2042 1328,2041 1380,2027 1396,2034 1422,2030 1437,2042 1476,2035 1518,2046 1563,2042 1578,2049 1610,2022 1625,2022 1657,2046 1665,2038 1689,2038 1719,2015 1744,2023 1762,2015 1810,2054 1857,2029 1896,2042 1941,2011 1965,2014 1994,2040 1994,2088 1978,2098 1954,2099 1942,2091 1925,2107 1879,2084 1846,2087 1838,2095 1824,2088 1817,2095 1805,2088 1759,2088 1703,2131 1685,2123 1653,2135 1624,2121 1606,2127 1543,2096 1512,2115 1494,2100 1473,2108 1457,2104 1429,2112 1389,2139 1371,2138 1341,2108 1269,2119 1245,2107 1220,2119 1209,2111 1162,2115 1147,2130 1125,2128 1105,2116 1089,2131 1060,2141 1030,2135 1021,2126 1004,2129 992,2120 965,2131 949,2116 933,2131 909,2123 884,2139 841,2143 793,2112 738,2135 670,2116 617,2151 594,2146 522,2166 500,2147 486,2157 476,2147 466,2157 433,2155 425,2162 393,2133 379,2135 342,2162 311,2155 292,2159 251,2131 226,2127 218,2135 198,2131 176,2139 142,2163 128,2158"/>
            </Shape>
            <String ID="c5a25278-95aa-4beb-9e76-f9cef27d784b-dummy-Word" HEIGHT="155" WIDTH="1866" HPOS="128" VPOS="2011" CONTENT="van Freyberg nog gesloten vindende moesten wy wagten dat ons de">
              <Shape>
                <Polygon POINTS="128,2070 144,2082 167,2086 198,2078 218,2082 264,2042 327,2054 367,2046 381,2058 393,2058 405,2046 450,2042 476,2046 488,2058 502,2054 520,2069 546,2054 565,2062 589,2046 606,2062 630,2062 642,2070 680,2062 696,2046 711,2054 730,2038 747,2038 798,2074 815,2062 830,2067 843,2054 870,2054 891,2038 966,2038 1014,2062 1048,2049 1059,2054 1078,2038 1097,2046 1120,2035 1150,2054 1156,2051 1171,2066 1197,2066 1209,2054 1229,2054 1249,2037 1299,2034 1309,2042 1328,2041 1380,2027 1396,2034 1422,2030 1437,2042 1476,2035 1518,2046 1563,2042 1578,2049 1610,2022 1625,2022 1657,2046 1665,2038 1689,2038 1719,2015 1744,2023 1762,2015 1810,2054 1857,2029 1896,2042 1941,2011 1965,2014 1994,2040 1994,2088 1978,2098 1954,2099 1942,2091 1925,2107 1879,2084 1846,2087 1838,2095 1824,2088 1817,2095 1805,2088 1759,2088 1703,2131 1685,2123 1653,2135 1624,2121 1606,2127 1543,2096 1512,2115 1494,2100 1473,2108 1457,2104 1429,2112 1389,2139 1371,2138 1341,2108 1269,2119 1245,2107 1220,2119 1209,2111 1162,2115 1147,2130 1125,2128 1105,2116 1089,2131 1060,2141 1030,2135 1021,2126 1004,2129 992,2120 965,2131 949,2116 933,2131 909,2123 884,2139 841,2143 793,2112 738,2135 670,2116 617,2151 594,2146 522,2166 500,2147 486,2157 476,2147 466,2157 433,2155 425,2162 393,2133 379,2135 342,2162 311,2155 292,2159 251,2131 226,2127 218,2135 198,2131 176,2139 142,2163 128,2158"/>
              </Shape>
            </String>
          </TextLine>
          <TextLine ID="beaf5702-f6d9-4cf8-a99b-688ff4681cb7" HEIGHT="161" WIDTH="1891" HPOS="129" VPOS="2085" STYLEREFS="textstyle-None---sans-serif---proportional---None---None---None">
            <Shape>
              <Polygon POINTS="129,2174 136,2181 201,2129 214,2136 227,2128 254,2133 275,2152 312,2164 320,2157 346,2157 378,2133 422,2161 433,2153 451,2161 467,2149 498,2145 524,2164 571,2156 589,2141 620,2149 671,2113 711,2114 722,2125 744,2113 756,2121 799,2113 825,2136 836,2137 867,2117 918,2123 931,2132 951,2117 974,2131 991,2121 1008,2137 1047,2133 1059,2141 1074,2130 1100,2141 1129,2125 1166,2125 1188,2109 1210,2109 1218,2117 1244,2101 1276,2116 1341,2108 1373,2137 1393,2140 1454,2101 1494,2101 1524,2115 1544,2098 1563,2116 1572,2109 1594,2117 1634,2092 1678,2094 1713,2111 1734,2109 1756,2089 1778,2097 1808,2085 1818,2093 1849,2096 1862,2085 1895,2085 1947,2120 1960,2116 1968,2124 1985,2120 2000,2128 2020,2115 2020,2161 1961,2162 1912,2189 1866,2176 1838,2181 1819,2164 1783,2170 1775,2162 1762,2169 1739,2162 1695,2203 1656,2167 1630,2181 1621,2173 1586,2181 1559,2171 1516,2197 1485,2174 1413,2173 1374,2202 1349,2186 1315,2205 1282,2189 1266,2202 1241,2197 1226,2211 1169,2205 1149,2218 1132,2205 1102,2205 1094,2197 1068,2209 1053,2202 1036,2210 995,2187 982,2198 953,2189 921,2202 883,2201 860,2186 848,2198 828,2198 818,2208 788,2198 750,2212 713,2214 679,2201 636,2234 589,2213 538,2221 511,2202 492,2221 481,2218 468,2226 443,2221 413,2194 386,2210 361,2209 350,2201 296,2230 210,2198 182,2226 162,2221 129,2246"/>
            </Shape>
            <String ID="beaf5702-f6d9-4cf8-a99b-688ff4681cb7-dummy-Word" HEIGHT="161" WIDTH="1891" HPOS="129" VPOS="2085" CONTENT="zelve voor een paar grosschen door een militair, die de wagt had, geo">
              <Shape>
                <Polygon POINTS="129,2174 136,2181 201,2129 214,2136 227,2128 254,2133 275,2152 312,2164 320,2157 346,2157 378,2133 422,2161 433,2153 451,2161 467,2149 498,2145 524,2164 571,2156 589,2141 620,2149 671,2113 711,2114 722,2125 744,2113 756,2121 799,2113 825,2136 836,2137 867,2117 918,2123 931,2132 951,2117 974,2131 991,2121 1008,2137 1047,2133 1059,2141 1074,2130 1100,2141 1129,2125 1166,2125 1188,2109 1210,2109 1218,2117 1244,2101 1276,2116 1341,2108 1373,2137 1393,2140 1454,2101 1494,2101 1524,2115 1544,2098 1563,2116 1572,2109 1594,2117 1634,2092 1678,2094 1713,2111 1734,2109 1756,2089 1778,2097 1808,2085 1818,2093 1849,2096 1862,2085 1895,2085 1947,2120 1960,2116 1968,2124 1985,2120 2000,2128 2020,2115 2020,2161 1961,2162 1912,2189 1866,2176 1838,2181 1819,2164 1783,2170 1775,2162 1762,2169 1739,2162 1695,2203 1656,2167 1630,2181 1621,2173 1586,2181 1559,2171 1516,2197 1485,2174 1413,2173 1374,2202 1349,2186 1315,2205 1282,2189 1266,2202 1241,2197 1226,2211 1169,2205 1149,2218 1132,2205 1102,2205 1094,2197 1068,2209 1053,2202 1036,2210 995,2187 982,2198 953,2189 921,2202 883,2201 860,2186 848,2198 828,2198 818,2208 788,2198 750,2212 713,2214 679,2201 636,2234 589,2213 538,2221 511,2202 492,2221 481,2218 468,2226 443,2221 413,2194 386,2210 361,2209 350,2201 296,2230 210,2198 182,2226 162,2221 129,2246"/>
              </Shape>
            </String>
          </TextLine>
          <TextLine ID="f35ec7f6-9ec9-48d9-8805-c52c6db46809" HEIGHT="142" WIDTH="1897" HPOS="123" VPOS="2163" STYLEREFS="textstyle-None---sans-serif---proportional---None---None---None">
            <Shape>
              <Polygon POINTS="123,2214 134,2214 150,2198 162,2198 183,2214 218,2198 253,2216 265,2205 287,2201 317,2222 357,2194 377,2194 389,2206 409,2206 417,2198 463,2229 480,2229 514,2202 550,2225 568,2213 594,2214 634,2237 680,2201 711,2214 751,2213 759,2206 775,2219 801,2202 812,2208 827,2198 846,2198 859,2186 871,2186 884,2198 944,2198 956,2207 970,2206 1004,2183 1037,2210 1053,2202 1070,2209 1096,2198 1104,2206 1133,2205 1149,2217 1170,2206 1216,2205 1227,2211 1240,2198 1267,2202 1280,2190 1316,2205 1349,2186 1375,2202 1411,2174 1520,2174 1531,2185 1560,2171 1587,2182 1606,2174 1619,2184 1656,2167 1695,2204 1739,2163 1757,2170 1769,2163 1784,2171 1803,2166 1817,2179 1867,2177 1911,2189 1960,2166 1989,2189 2015,2194 2020,2188 2020,2235 2006,2249 1997,2252 1985,2243 1952,2252 1935,2236 1877,2256 1855,2275 1844,2271 1814,2286 1781,2267 1769,2279 1694,2279 1655,2252 1632,2256 1599,2247 1576,2252 1565,2263 1556,2260 1531,2281 1495,2252 1433,2287 1391,2263 1373,2279 1326,2275 1314,2287 1251,2274 1243,2279 1235,2271 1196,2271 1160,2298 1109,2263 1096,2268 1083,2259 1065,2271 1044,2271 1026,2287 996,2298 985,2291 940,2298 909,2279 870,2279 862,2271 820,2275 808,2267 763,2299 732,2271 704,2279 682,2263 658,2279 631,2268 613,2268 604,2276 556,2276 540,2267 512,2280 472,2272 447,2279 436,2271 408,2298 385,2294 349,2271 327,2279 318,2271 294,2272 265,2291 249,2290 231,2275 196,2272 182,2286 167,2283 145,2305 134,2295 123,2303"/>
            </Shape>
            <String ID="f35ec7f6-9ec9-48d9-8805-c52c6db46809-dummy-Word" HEIGHT="142" WIDTH="1897" HPOS="123" VPOS="2163" CONTENT="pend wierd, waarna wy langs eene Goede chansse het dorp Obe¬">
              <Shape>
                <Polygon POINTS="123,2214 134,2214 150,2198 162,2198 183,2214 218,2198 253,2216 265,2205 287,2201 317,2222 357,2194 377,2194 389,2206 409,2206 417,2198 463,2229 480,2229 514,2202 550,2225 568,2213 594,2214 634,2237 680,2201 711,2214 751,2213 759,2206 775,2219 801,2202 812,2208 827,2198 846,2198 859,2186 871,2186 884,2198 944,2198 956,2207 970,2206 1004,2183 1037,2210 1053,2202 1070,2209 1096,2198 1104,2206 1133,2205 1149,2217 1170,2206 1216,2205 1227,2211 1240,2198 1267,2202 1280,2190 1316,2205 1349,2186 1375,2202 1411,2174 1520,2174 1531,2185 1560,2171 1587,2182 1606,2174 1619,2184 1656,2167 1695,2204 1739,2163 1757,2170 1769,2163 1784,2171 1803,2166 1817,2179 1867,2177 1911,2189 1960,2166 1989,2189 2015,2194 2020,2188 2020,2235 2006,2249 1997,2252 1985,2243 1952,2252 1935,2236 1877,2256 1855,2275 1844,2271 1814,2286 1781,2267 1769,2279 1694,2279 1655,2252 1632,2256 1599,2247 1576,2252 1565,2263 1556,2260 1531,2281 1495,2252 1433,2287 1391,2263 1373,2279 1326,2275 1314,2287 1251,2274 1243,2279 1235,2271 1196,2271 1160,2298 1109,2263 1096,2268 1083,2259 1065,2271 1044,2271 1026,2287 996,2298 985,2291 940,2298 909,2279 870,2279 862,2271 820,2275 808,2267 763,2299 732,2271 704,2279 682,2263 658,2279 631,2268 613,2268 604,2276 556,2276 540,2267 512,2280 472,2272 447,2279 436,2271 408,2298 385,2294 349,2271 327,2279 318,2271 294,2272 265,2291 249,2290 231,2275 196,2272 182,2286 167,2283 145,2305 134,2295 123,2303"/>
              </Shape>
            </String>
          </TextLine>
          <TextLine ID="f434c00c-b979-40db-a360-5e42c8487a6e" HEIGHT="151" WIDTH="1891" HPOS="121" VPOS="2235" STYLEREFS="textstyle-None---sans-serif---proportional---None---None---None">
            <Shape>
              <Polygon POINTS="121,2287 149,2307 191,2271 209,2271 229,2274 263,2298 287,2294 296,2301 323,2279 348,2271 367,2273 406,2298 440,2270 453,2279 473,2272 513,2279 537,2267 553,2278 572,2271 606,2275 615,2267 657,2279 686,2263 703,2278 730,2270 765,2299 805,2267 831,2275 849,2263 899,2283 908,2279 941,2298 969,2291 994,2298 1028,2287 1055,2263 1071,2267 1082,2259 1090,2267 1108,2263 1159,2298 1199,2269 1314,2286 1333,2274 1371,2279 1395,2263 1433,2286 1492,2255 1502,2255 1531,2280 1577,2251 1610,2259 1646,2252 1683,2275 1716,2283 1731,2275 1773,2274 1780,2267 1809,2282 1834,2263 1854,2275 1878,2255 1905,2251 1935,2235 1968,2247 1983,2242 2012,2268 2012,2315 1979,2329 1959,2317 1938,2332 1904,2321 1890,2332 1862,2317 1820,2333 1799,2321 1785,2325 1758,2352 1699,2352 1669,2364 1616,2321 1576,2321 1568,2328 1561,2321 1543,2333 1531,2321 1510,2321 1479,2346 1462,2333 1445,2332 1413,2344 1363,2325 1346,2332 1334,2325 1322,2333 1301,2328 1282,2340 1274,2332 1251,2345 1200,2325 1159,2325 1111,2341 1093,2356 1082,2350 1064,2356 1042,2344 1032,2352 1008,2332 963,2368 925,2348 908,2344 887,2352 844,2333 819,2344 806,2336 787,2348 762,2340 744,2348 721,2337 691,2364 658,2348 617,2372 603,2368 584,2386 510,2375 472,2345 460,2352 396,2352 376,2337 334,2352 315,2341 288,2356 273,2349 259,2360 235,2348 217,2356 206,2345 179,2345 135,2383 121,2381"/>
            </Shape>
            <String ID="f434c00c-b979-40db-a360-5e42c8487a6e-dummy-Word" HEIGHT="151" WIDTH="1891" HPOS="121" VPOS="2235" CONTENT="schona bereikten: juist doen wy de zon meerder te zien opgaan had">
              <Shape>
                <Polygon POINTS="121,2287 149,2307 191,2271 209,2271 229,2274 263,2298 287,2294 296,2301 323,2279 348,2271 367,2273 406,2298 440,2270 453,2279 473,2272 513,2279 537,2267 553,2278 572,2271 606,2275 615,2267 657,2279 686,2263 703,2278 730,2270 765,2299 805,2267 831,2275 849,2263 899,2283 908,2279 941,2298 969,2291 994,2298 1028,2287 1055,2263 1071,2267 1082,2259 1090,2267 1108,2263 1159,2298 1199,2269 1314,2286 1333,2274 1371,2279 1395,2263 1433,2286 1492,2255 1502,2255 1531,2280 1577,2251 1610,2259 1646,2252 1683,2275 1716,2283 1731,2275 1773,2274 1780,2267 1809,2282 1834,2263 1854,2275 1878,2255 1905,2251 1935,2235 1968,2247 1983,2242 2012,2268 2012,2315 1979,2329 1959,2317 1938,2332 1904,2321 1890,2332 1862,2317 1820,2333 1799,2321 1785,2325 1758,2352 1699,2352 1669,2364 1616,2321 1576,2321 1568,2328 1561,2321 1543,2333 1531,2321 1510,2321 1479,2346 1462,2333 1445,2332 1413,2344 1363,2325 1346,2332 1334,2325 1322,2333 1301,2328 1282,2340 1274,2332 1251,2345 1200,2325 1159,2325 1111,2341 1093,2356 1082,2350 1064,2356 1042,2344 1032,2352 1008,2332 963,2368 925,2348 908,2344 887,2352 844,2333 819,2344 806,2336 787,2348 762,2340 744,2348 721,2337 691,2364 658,2348 617,2372 603,2368 584,2386 510,2375 472,2345 460,2352 396,2352 376,2337 334,2352 315,2341 288,2356 273,2349 259,2360 235,2348 217,2356 206,2345 179,2345 135,2383 121,2381"/>
              </Shape>
            </String>
          </TextLine>
          <TextLine ID="line_99fede15-3ddb-427d-8370-4f84b10d2cbd" HEIGHT="152" WIDTH="1891" HPOS="121" VPOS="2318" STYLEREFS="textstyle-None---sans-serif---proportional---None---None---None">
            <Shape>
              <Polygon POINTS="121,2334 127,2330 143,2346 198,2342 227,2365 241,2354 259,2361 295,2350 310,2357 323,2349 337,2353 372,2338 391,2349 440,2354 463,2350 475,2339 506,2338 586,2381 603,2369 619,2372 630,2361 641,2365 663,2350 690,2365 722,2337 738,2351 778,2334 793,2342 840,2337 856,2349 876,2345 891,2354 913,2342 956,2369 1006,2333 1032,2353 1050,2341 1076,2341 1092,2357 1112,2341 1142,2342 1159,2326 1213,2326 1251,2345 1275,2334 1285,2341 1303,2326 1320,2334 1329,2326 1369,2326 1414,2343 1442,2330 1482,2346 1509,2322 1547,2329 1560,2322 1570,2327 1579,2318 1589,2326 1614,2318 1662,2365 1700,2354 1712,2342 1727,2353 1762,2357 1789,2338 1810,2348 1820,2342 1844,2357 1878,2346 1903,2324 1965,2334 1991,2322 2012,2342 2012,2389 1993,2392 1950,2422 1934,2415 1925,2422 1890,2415 1842,2447 1812,2446 1779,2470 1739,2442 1703,2470 1685,2470 1662,2457 1651,2465 1615,2430 1566,2418 1554,2425 1535,2419 1522,2431 1495,2417 1482,2426 1468,2422 1449,2435 1385,2414 1335,2434 1306,2427 1287,2446 1265,2450 1219,2422 1187,2439 1170,2437 1155,2422 1117,2430 1105,2423 1096,2430 1035,2430 1027,2423 1012,2426 979,2406 958,2419 932,2407 837,2411 800,2434 779,2419 695,2410 671,2415 643,2435 627,2430 573,2470 558,2470 546,2458 517,2458 494,2439 467,2461 443,2446 423,2454 413,2446 343,2434 304,2458 260,2454 217,2466 181,2465 170,2454 139,2461 121,2450"/>
            </Shape>
            <String ID="line_99fede15-3ddb-427d-8370-4f84b10d2cbd-dummy-Word" HEIGHT="152" WIDTH="1891" HPOS="121" VPOS="2318" CONTENT="den wy de ingang van een donker wond bereikt het geen ons geheel">
              <Shape>
                <Polygon POINTS="121,2334 127,2330 143,2346 198,2342 227,2365 241,2354 259,2361 295,2350 310,2357 323,2349 337,2353 372,2338 391,2349 440,2354 463,2350 475,2339 506,2338 586,2381 603,2369 619,2372 630,2361 641,2365 663,2350 690,2365 722,2337 738,2351 778,2334 793,2342 840,2337 856,2349 876,2345 891,2354 913,2342 956,2369 1006,2333 1032,2353 1050,2341 1076,2341 1092,2357 1112,2341 1142,2342 1159,2326 1213,2326 1251,2345 1275,2334 1285,2341 1303,2326 1320,2334 1329,2326 1369,2326 1414,2343 1442,2330 1482,2346 1509,2322 1547,2329 1560,2322 1570,2327 1579,2318 1589,2326 1614,2318 1662,2365 1700,2354 1712,2342 1727,2353 1762,2357 1789,2338 1810,2348 1820,2342 1844,2357 1878,2346 1903,2324 1965,2334 1991,2322 2012,2342 2012,2389 1993,2392 1950,2422 1934,2415 1925,2422 1890,2415 1842,2447 1812,2446 1779,2470 1739,2442 1703,2470 1685,2470 1662,2457 1651,2465 1615,2430 1566,2418 1554,2425 1535,2419 1522,2431 1495,2417 1482,2426 1468,2422 1449,2435 1385,2414 1335,2434 1306,2427 1287,2446 1265,2450 1219,2422 1187,2439 1170,2437 1155,2422 1117,2430 1105,2423 1096,2430 1035,2430 1027,2423 1012,2426 979,2406 958,2419 932,2407 837,2411 800,2434 779,2419 695,2410 671,2415 643,2435 627,2430 573,2470 558,2470 546,2458 517,2458 494,2439 467,2461 443,2446 423,2454 413,2446 343,2434 304,2458 260,2454 217,2466 181,2465 170,2454 139,2461 121,2450"/>
              </Shape>
            </String>
          </TextLine>
        </TextBlock>
        <TextBlock ID="region_48574b5f-36f8-44c2-8f73-0c0a256382a8" HEIGHT="101" WIDTH="141" HPOS="0" VPOS="1283">
          <Shape>
            <Polygon POINTS="0,1283 141,1283 141,1384 0,1384"/>
          </Shape>
          <TextLine ID="c6f70391-add0-48b3-affa-cd2dfdd57603" HEIGHT="101" WIDTH="141" HPOS="0" VPOS="1283" STYLEREFS="textstyle-None---sans-serif---proportional---None---None---None">
            <Shape>
              <Polygon POINTS="0,1288 13,1295 23,1287 53,1307 89,1283 100,1291 110,1287 141,1313 141,1359 131,1369 102,1364 82,1384 45,1374 30,1380 0,1369"/>
            </Shape>
            <String ID="c6f70391-add0-48b3-affa-cd2dfdd57603-dummy-Word" HEIGHT="101" WIDTH="141" HPOS="0" VPOS="1283" CONTENT="1816.">
              <Shape>
                <Polygon POINTS="0,1288 13,1295 23,1287 53,1307 89,1283 100,1291 110,1287 141,1313 141,1359 131,1369 102,1364 82,1384 45,1374 30,1380 0,1369"/>
              </Shape>
            </String>
          </TextLine>
        </TextBlock>
      </PrintSpace>
    </Page>
  </Layout>
</alto>
