2083 2540
143 54 1872 135 gezien te hebben, de schoone contreinen van ons eigen land, de veelderige 9o

138 142 1840 121 environs van genoemde stad, optenemen, wanneer wy zaturdag aan„

133 197 1871 128 staande in Groningen hopen te arriveren; onze reis derwaarts, schoon

133 265 1870 125 ik en die ook wel mondeling by onze eerste ontmoeting zou kunnen

132 325 1891 144 mededeelen, hoop ik en terstond na onze aankomet mede te delen

137 395 1791 136 en wanneer dan alle myne brieven zullen overgekomen zyn,

140 465 1842 131 waaraan ik en 't minst met twyfel, hebt gy een getrouw relaas

135 532 1874 137 van hetgeen wy gezien en 't geen ons op onze gansche reis is weder

136 600 1828 143 varen, het ontbrekende kan ik met myne verhalen dan ligtelyk

141 670 1841 167 suppleren. In hoop van en dan spoedig en welstand te zien tekene

140 774 438 121 mi met achting

1082 753 682 173 Uw opregten vriend

156 965 1753 175 I. I. Zondt gy wel geloven myn vriend dat geen onzer zich

139 1078 1820 136 byna verbeelden kan weder in Holland te zyn en dat wij

138 1150 1841 128 schoon ter naauwernood 8 weken afgoezig geweest zynde, nog

136 1225 1852 138 Gedwrg beginnen Duitsch te spaeken vooral tegen Kastelein, be¬

139 1291 1870 153 dienden, voorlieden enz: een zo maakte ik straks nog een allerzoldt

138 1363 1849 131 figuur in een winkel daar ik Duitsch beginnende terstond myne

130 1435 1885 132 dwaling bemerkte door het eenvoudige gezicht van den koopman

136 1504 1826 142 en my va waarom ik my naderhand van lacchen niet kon be

135 1574 1902 143 dwingen. - ook de plotslinge verandering van geldspetie frappeert

137 1649 1696 157 ontzaglyk. — Dan over dit alles naderhand mondeling.
