2083 2540
1904 52 109 84 154

194 86 1835 113 als dit schielyk in de rond te bewogen wordt kan men met tansen naar

208 167 1808 97 en Eingsteken die een in de lucht zwevende arend in de bek heeft,

196 230 1820 100 met een sabel een houten veeld de hals afslaan zoodat het hoofd op

193 281 1828 120 deromp blyft staan, een val in de geopende mond van een anderbeeld

190 353 1845 120 verpen en meer dergelyke duigen vertoonen: het is een ieder geoor„

189 417 1821 108 hoofd Carrousel te varen mits 8 stuiver betalende en net minder

182 478 1861 116 dan 40 personen iegelyk zydende: des zondaags staat dit geen oogen

179 550 1811 116 blik stil. Door verschillende slingerlanen gingen wyne om het

184 619 1839 116 vadhuis toe dieper in het bosch op, alwaar een allerliefst Heremita

195 692 1797 109 e is bestaande uit vyf vertrekken, de woning zelve van den He=

177 755 1866 120 emiet, zyn slaapkamer, bidplaats of kapel, keuken en werkplaats=

177 823 1836 123 nabij hetzelve zier men een aartig aangelegd tuuntje. Nietver van

172 865 1843 142 het Hteremilage is een gebouw waar men naar de Vogel schiet

174 961 1835 127 het zy met geweezen het zy met pyl en boog; ja alles wordt hier uit¬

175 1028 1815 140 gedagt om de badegasten en andere vreemdelingen hier de tyd

170 1109 1844 118 aangenaam te doen doorbrengen waartoe ook in het bosch aller

185 1179 1833 136 soort van Schommels zyn uitgedagt in de gedaante van stoe¬

170 1251 1823 133 len fauteulo enz. In het hoofdgebouw, waar wij op onze wandeling

166 1324 1839 123 een glaasje Rhynwyn dronken, is eene zeer lange cerzaal, ver¬

164 1397 1844 128 scheiden speelkamers daar enz zynde dit laatste wel een voor¬

163 1472 1870 126 naam vereischte van eene goede badplaats. Gelukkig voor

165 1539 1842 140 ons dat wij ons niet langer in staaan hadden opgehouden

164 1594 1835 146 of onze wandeling met uitgerekt hadden, want, ter naauwe=

168 1688 1844 127 nood in ons zijting gestapt zijnde, begon het ontzettend te re¬

164 1742 1873 148 genen, waarvan wy ditmaal geen hinder hadden daar wy een

162 1832 1818 131 al aan alle zyden digt geslotene koets hadden waarvan de

170 1905 1783 119 groote glazen ons niet verhinderden om uit te zien. Te we=

157 1974 1843 134 nicheim, by welk posthuis wij ons een oogenblik ophielden, reed

163 2050 1888 124 ons de kroonprins met een gevolg van 14 koekzen in volle carrie

165 2111 1829 148 te voorby; de treinkwam Hanau juist binnen doen wy de

158 2189 1878 139 stad intreden zoodat zy zich daar niet lang hebben opgehouden:

154 2268 1830 151 naar ik hoor zal het doorluchtige paar te Fransfort en de

65 329 65 61 1
