2083 2540
358 1 346 122 Personer

1884 42 62 64 14

154 66 1831 176 aankwamen om een goed kop koffy te drinken hetgeen ons niet weinig ver¬

140 164 1843 159 fristte. Toen gingen wy weder op ons ellendig rytung waarmede wy te

134 232 1859 150 10¼ uur te Neutans arriveerden, welk stadje tusschen de bergen in eenig

136 286 1840 176 vallen liggende zich allerbehoorlykst voordoet; dan hoe geweldig veel het

134 351 1793 166 ons uit de hand toen wy er binnen reden daar men zich geen idée van

134 404 1803 171 zulk eene verregaande morsigheid kan maken; geweldig wierden wy

137 469 1832 156 mer door onze postiljon, wiens paarden in 't geheel nog niet gedraaft

142 544 1789 161 hadden, op de ellendige straten geraadbraakt en zulks ging dwaas

138 599 1842 165 door het stadje, voorbyj het voormalige Bisschoplyke kasteel, dat er uitwen

135 673 1828 168 dig goed uit ziet, tot wy de andere poort weder uit waren wanneer

135 726 1844 170 hy weder begon te stappen: door eene schoonelaan van Castanje boomen

139 804 1800 168 rydende kwamen wy ongeveer drie vierde uur daarna & wel om 11

135 862 1849 159 uur hier aan, aan het zeer goede posthuis afstappende. Zoo mogelyk

140 935 1769 144 Even als te Neuhans zijn ook hier te Paderborn de straten geheel

146 991 1806 174 met mest, modder en slyk opgehoopt zoo dat men er ter naam

145 1053 1808 184 wernood met schoenen kan doorwader anders zou Paderborn

153 1127 1795 168 een aartig stadje zyn, deszelfs ligging is zeer fraay. De stad is

156 1201 1776 177 de oorsprong van haren naam verschuldigd aan de kleine

162 1274 1785 160 rivier de Pader, welke door het tezamen vloeyen van 3 onder

158 1350 1755 153 scheiden beekjes, die uit eenen in de nabyheid gelegene berg

164 1422 1774 171 ontspringen, in deeze stad ontstaat en vervolgens zich in de

165 1490 1798 173 Lipe ontlast. Onder het merkwaardige dat deeze stad ople„

168 1561 1803 163 cert verdient voorzeker de trotsche domkerk genoemd te

170 1628 1763 185 worden, wy hebben dezelve zoo even gezien: zy is met zoo

173 1699 1826 193 als de meeste Roomsche kerken met Schilderyen enz opge¬

174 1779 1836 198 propt doch van eenige weinigen, doch die my zeer goed toeschene

174 1849 1791 179 voorzien; het lykfeest voor de gesneuvelden was juist geeindigd

167 1922 1824 192 wyzagen het monument nog midden in de kerk opgerigt geheel

166 2016 1278 163 zwart met een wit kruis, op hetzelve las men.

304 2082 1241 164 Den in heiligen Kampje gefallene Kriegern.

187 2100 1829 236 voorts waren nog de pylaren, en eenige gedeeltens van het altaar
