2083 2540
167 34 1827 184 ilitaire met hunne korte briksen alle zeer goed troffen. Na ons wede 7 7.

160 109 1844 161 scheep begeven te hebben dreven wy in eene schoone klove waar beide

155 176 1820 137 vers met zeer hooge wynbergen bezet zyn het is hier dat de groote

160 232 1850 150 ritvlotten gemaakt worden die tot dus verre by Kleinere gedeelten de rivie

155 299 1830 147 pakken; tot ons leedwezen zagen wy er geene, schoon onze schippers ons te

160 362 1832 165 ren gezegd hadden dat er een nagenoeg gereed lag. voorby Leutesdorf va„

166 421 1814 151 de begon het water vry wat hol te staan en dit duurde tot wy over en

163 480 1818 157 ieder -Hammerstein gepasseerd waren, by eerstgenoemd dorp is eene schoone

160 548 1810 163 uire. Op de linker oever zagen wy Fornich, Bruhl en Tempelhoff zynde

172 612 1832 153 en oude kerk waarboven de ruines van het slot Rheineik zich verheffen

167 683 1841 156 smede kort daarna in eene vry sterke bogt Breisig en het stadje Sin=

169 756 1840 190 juist over Linz gelegen: hier gingen wy aan wal na op de regter oe„

167 829 1810 166 Ariendorf, met de ruine Arcenfelz wat landwaarts in gelegen; en

155 893 1864 187 en Vedorff, waarboven het vervallen slot Dattenberg ligt, voor by gezoeid

164 969 1855 204 zyn: nog voor wy aan wal waren zagen wy de boot omringt van elf

169 1039 1809 183 delaars die tot de Knieen in 't water liepen om des te eerder by de

171 1120 1815 176 dhuit te zyn en onophoudelyk gebeden prevelden, ons slechts zoo

166 1204 1831 186 ang hier ophoudende dat de schipper tot betaalden heb ik weinig

165 1279 1831 167 van dit stadje gezien dat my op het uiterlyke morzig en onaanzien

161 1349 1787 161 lyk voorkwam. Reeds ver voor zinz hadden zich op beide oevers de

163 1407 1826 182 bergen verwydert hetgeen nog eenige tyd aanhield voornamentlyk op

167 1485 1833 178 de linker oever: regts lieten wij Linzhausen, aan den voet eene vrees„

163 1550 1792 183 lyke rots, waarop de ruine Okenfels is, liggen, terwyl Karbarh eens

164 1626 1846 166 klaps van tusschen twee bergen te voorschyn komt: hierover voedt

162 1702 1841 160 de rivier de Ahr met var van het dorp krippe in den Ryn het is aan

163 1771 1857 150 de boorden van die rivier dat de wynstokken gevonden worden die

161 1851 1781 164 de benoemde Ahrer Bleker opleveren. Een weinig verder en nevens

156 1917 1875 146 Rheimmagen zich men boven op den H Apollenaris berg een Groot wit

160 1996 1849 158 gepleisterd huis te voren een klooster dit kan men reeds op eene geru

171 2070 1801 159 me afstand zien, niet ver van daar zieh men het stadje Ober Winter

163 2132 1837 183 op den regteroever is men immiddels langs Erpel gedreven, dat

160 2221 1812 142 aan de voet van eenen steelen Basaltberg ligt, Uinckel, dat door een

164 2283 1895 179 Bacalten ringmuur omgeven is, en Heister gepasseerd: op deeze hoogte
