2083 2540
1143 21 874 208 Maints den 19 Augustus 18516 156.

647 209 541 192 Waardste Vriend.

182 366 1837 163 uit myne vorige te Fransfort geschreven zull gy onze behoudene aankomst

177 464 1795 133 gemelde stad vernomen hebben doch ongetwyfeld ook nieuwsgierig zyn

181 525 1824 138 enige byzonderheid omtrent deeze dezelve te vernemen, ik hoop u hiermede

172 587 1678 148 hans te onderhouden en onze verdere reis herwaarts mede te delen.

175 643 1812 161 van de oevers van den Main slechts op eene gerunge afstaad van den Rhyn

176 746 1807 136 de greuzen van Frankryk, Zwitserland, en Duikstand gelegen kan het

171 802 1790 137 het wel Anders of Francfort moet eene grootendeels van den handel

164 870 1783 135 staande stad zijn, dat dit veel welvaart en rykdom voortbrengt

163 936 1822 133 precht van zelve van daar die schoone huizen of liever galeezen,

161 998 1824 147 de men zoo menigvuldig in deeze stad zieh, van daar die schoone

162 1063 1827 140 straate, en pleinen, van daar al het verruklyke dat Transfort op=

160 1139 1844 146 wert. Deszelfs jaarlijksche missen, die in het voorjaar en in de herfst

159 1208 1833 136 voorvallen, zyn alom beroemd en lokken in die tyd veele vreemde koop¬

157 1278 1828 140 lieden en reizigers derwaarts, doch het schynt er altoos van vreemden

163 1352 1815 133 oremelen daar er iedere morgen een gedrukt blad doorgaans van

158 1418 1839 145 vervolle zyde, wordt uitgegeven behelzende de namen der vreemde„

161 1490 1810 144 lingen die de vorige dag zyn aangekomen, hun kwaliteit, waar zy

161 1560 1827 148 glogeert zyn en ten slotte een opgave van vreemde voerlieden die

156 1636 1803 148 naar elders zonder vragt tezugkeren: indien deze verzeignisse der

154 1709 1878 134 remde niet naauwkeuriger gedrukt worden, als in onze namen op de

157 1792 1864 139 zelve, zyn zy van weinig dienst, daar geen van zeven zonder fout was

155 1865 1864 129 „men van Bodel Nejenhuis Bodelkenhein had gemaakt; in taardig

154 1939 1780 125 heid heb ik dat Numero medegenomen en koop het en naderhand

163 2011 1838 125 ens te lonen: behalve een oneindig aanzal menschen, die onder het

156 2093 1874 123 nbriek van gevolg van den Kroonprins de Nederlanden, Dienerschapt

152 2165 1866 124 van de Gravin van Solms, van de Graaf van Doring, enz waren opgegeven

153 2237 1859 129 zyner die dag, dat wij in Transfort kwamen, verover de 100 vreem„

145 2311 1823 137 ren aangekomen blykens die gedrukte opgaaf: en dit zeide men ons
