2083 2540
174 38 1827 189 ren na Munchen is vervoerd geworden: de stad behoort thans aan Pruissen

173 179 1772 115 vel te vreden over ons logement werden wy om 8 uur met de boot na ons

170 233 1795 138 hip dat de vorige avond met geheel tot voor dusseldorp had kunnen

169 283 1795 135 men en zeilden, na het anker geligt te hebben, langsaam voort: de wind

174 342 1804 151 rs iets gunstiger dan by ons vertrek van keulen schoon wy las bemerk

178 412 1777 157 dat wij, ondanks alle fraagigheden van gemaklyke cajuit elc, veel

175 479 1787 147 der zouden gedaan hebben van een boot te nemen waarmede wy riemen

179 540 1769 147 eyen en dus altyd voorwaarts konden komen zonder ons aan de wind

171 604 1801 149 bekreunen. De beide oevers waren hier op verre na zoo lyk niet met

168 669 1825 171 orpen bezet als de vorige dag, want eerst na eene geruime tyd ge„

173 742 1782 167 ult te hebben passeerden wy op de regter oever het stadje Keisers=

169 810 1793 156 verth 2 uuren van Dusseldorp gelegen men vindt hier eene uume van

177 877 1808 165 e oud kasteel aan den Ryn gelegen: daarna zeilder wy voorby de

173 948 1795 168 oapen Wittler, Bonkum en Reinum, wat landwaarts in gelegen alle

172 1014 1770 164 „de regter zide. Aardig vertoont intusschen op de linker oever het

168 1091 1801 176 tadje ordeugen of Urdingen en het dorpje Bomberg waarna men ach„

171 1161 1745 162 veenvolgend Angerat, Angershausen en Waenheim ontwaart,

172 1247 1783 157 at Duisberger bosch, waar zich te voren zoo veel wilde paarden in

167 1307 1746 164 phielden, met de stad Duisburg passeert en aangenaam door het

164 1391 1823 161 stadje Rhoezoort, aan de mond van het riviertje de Rhoer gelegen,

163 1466 1792 140 verzaet wordt. Daar onze schipper hier tol betalen en het kantoor aan¬

163 1530 1762 155 doen moest, wierp hy hier midden op de rivier het anker uit en ver=

169 1596 1771 157 haalde ons dat wy mogelyk wel een paar uur hier zouden moeten

162 1661 1783 174 wagten, en, daar het reeds half twee was, des avonds niet in wesel

164 1737 1802 156 zouden kunnen komen ten zy wy verkozen in zyne boot te gaan wan¬

165 1808 1804 171 neer zyn knegt ons gemaklyk derwaarts konde wegen, en, wanneer

165 1884 1796 171 hy met zijn schip de volgende morgen nog niet te wezel was,

163 1951 1774 152 ons verder naar Emmerik kon brengen. wat stond ons nu te doen

163 2027 1785 172 hem braaf beknouzen dat hy ons met zyn schip niet by tyds dien

162 2098 1773 144 avond en weselvragt zoo als het accoord was? ja dan kreegde

161 2168 1795 157 wind de schuld er van die na zyn zeggen wat gunstiger en

168 2244 1840 137 harder in de zeilen vlies toen wy vertrokken dan op dit oogenblik:

164 2316 1789 157 hem verwylen dat hy ons zyn lang oponthoud te Rhoezoort niet

1886 54 111 87 185
