2083 2540
174 105 1796 139 opgelaveerd zynde zagen wy even voor de plaats waar de Ryn

169 192 1829 102 en Waal zich scheidden de eerste Hollandsche huizen waarwy

166 245 1885 134 ons hartelyk met de behoudene terugkomst in het Vaderland geluk„

168 317 1879 104 wenscht en: dan een oogenblik daarna voeren wy voorby het dorp

167 384 1876 112 je Holhuysen 't geen, schoon byna aan alle zyden door het Hollandsche

168 451 1861 113 territoir onringt, Pruissisch Eigendom is - weldra kregen wy Nimere„

164 523 1851 120 gen in 't gezicht waar wy na verscheiden malen gelaveerd, vry hard

159 589 1874 112 gezeild en soms geroerd te hebben, om 6 uur voet aan wal mogten zet

165 660 1867 121 ten en ik het logement de zwaan betrekken. Hoe sterk trof ons da„

159 728 1874 124 delyk in alles de Hollandsche Zindelykheid doch vooral het artikel van

157 800 1817 112 verwen 't geen aan de huizen uitwendig zulk een het aanzien geeft en

158 867 1869 121 waarvan men in Duitsland zelfs aan de schoonste Gebouwen byna geen

157 941 1890 127 spoor van ziet. De gansche goed gebouwde stad, waarvan enkele straten

152 1014 1847 127 vry steel aflopen, is nog vergroend en met eerwogen opschriften enz

152 1085 1879 125 vercierd daar hier gister Z. K N de Kroonprins met zyne Gemalen„

143 1156 1834 140 n gepasseerd is, het doorluchtige paar heeft dus gestadig met

148 1236 1812 128 ons of wy met hun Gereist daar zy één dag na ons in Berlyn

145 1288 1866 148 gekomen en slechts ééne dag eerder dan wy in het Vaderland zyn

137 1385 1871 136 gearriveerd. Wy hebben zoo straks eene lieve wandeling gedaan het

129 1461 1895 143 Valkenhoff met de ruine der Heidensche lempet en het Beloedere be„

140 1526 1860 140 zogt, jammer maar dat men van deeze hoogte, waar men zulk een

137 1602 1856 128 ruim. gezicht heeft over een groot gedeelte van Gelderland & Kleef,

138 1678 1858 121 ook zoo veele treurige toneelen, zoo veel door de aanhoudende re

137 1751 1856 131 gens geinundeerd land bespeurt, wat akelig vooruitligt voor de

146 1824 1819 122 landlieden tegen den aanstaanden winter. Tot donkeren rondge=

137 1901 1843 129 wandelt hebbende bezogten wy een toffihuis waar men ons

135 1974 1862 134 vreemd aanzag toen wy na eenige nieuwspapieren van 8 weken

136 2049 1865 138 herwaarts vroegen en men ons in die oude tydingen zoo aandag

134 2120 1824 136 tig zag lezen. Morgen vertrekken onze Hollandsche risgensten

135 2200 1849 125 over Utrecht naar Leiden terwyl Hogendorp van daar terstond

137 2275 1804 136 op den Haag zal reizen: wy daarentegen gaan morgen slechts

138 2355 1823 135 tot Arntien, om, na zoo veele schoone toneelen op vreemde bodem

1984 128 82 95 89
