2083 2540
1947 44 65 102 93.

1223 78 576 128 Halle den 29 July 1816.

632 187 502 173 Waards te Vriend

181 283 1829 182 De diademie van Stalle, schoon, om deszelfs oorlogzugtigen aard, onder

177 424 1804 127 Napoleon een tyd lang lang geschorst, is thans weder vry bloeiend

176 491 1836 104 en telt veele studenten doch deerlyk valt alles af als men zoo ommid

173 557 1824 127 lyk van Gottingen en Berlyn komt: het museum toch is allerellendigst

179 609 1852 139 in het eenig voorwerp dat nog al der moeite waardig is en wy op ande„

163 689 1785 110 re plaatsen niet gezien hebben is een rendier voor eene stede, waarin een

163 751 1820 136 Caplander zet, gespannen ook zog alles er zeer verwaarloord uit schoon

159 811 1825 145 Profs Nitsch, onder wiens opzigt gemeld museum staat, er nog al vry

158 888 1842 122 wat mede schynt op te hebben: ook de bibliotheek, schoon uitwendig nog

161 954 1847 131 al vry wat vertonende, bevat ook weinige boeken en in de Botanische

164 1019 1839 130 gaaten zag ik meer Kool-moes- en andere planten dan wel zeldsame ge=

166 1096 1706 119 wassen: dit is alles wat ik in van de academie kan zeggen: van de

167 1154 1863 130 Hoogleezaren zagen en sprake wy veele die alle zeer vriendelyk woren

168 1227 1805 120 doch hoorde niemand collegie houden uitgenomen den Kauzeler Nie=

167 1300 1787 125 meyer door zyne schriften ook in Holland zeer bekend, schoon reeds

168 1366 1763 124 66 jaar oud zoude men deezen man geen vyftig jaren toeschryven

168 1430 1839 135 zoo by zonder wel ziet hy er uit: op zyn Collegie over de moraal hoorden

169 1500 1854 128 wy ten handelde hy in het uur toen wy erwaren over de doelmatigste

164 1580 1786 115 kleding en welke pligten men daaromtrent had en acht te nemen,

162 1649 1819 121 zyne gehoorzaal was stoppende vol doch de studenten waren zeer

159 1723 1757 108 vriendelyk, en uirmder ons dadelyk eene plaats in naby den

164 1789 1799 127 Professor: deeze zyn hier over het algemeen even als te Berlyn veel

160 1854 1825 118 beschaafde en kleden zich ook beter, doch te voren hield men het

161 1926 1756 121 daarvoor dat de student nergens uwer leefde als te stalle

155 1996 1819 112 Vreemd is de gewoonte die hier in de kerken onder de godsdienst

166 2066 1808 139 heerscht en 't welk wij, eenen zondag hier doorbrengende, gele=

1708 2130 250 61 catedrale

161 2146 1846 125 genheid hadden om op te merken: De H:r Wagenits zoch in de markt„

160 2219 1799 114 kerk prekende had naauwlyks zyne leerrede geeindigd als een dikke

161 2289 1733 139 koster agter hem op de predikstoel ging staan hen van tyd tot tyd
