2083 2540
131 61 1815 146 en wat met dezelve is voorgevallen dit alles is my telang om mede

129 149 1799 137 „deelen zyt gy nieuwsgierig om het te weten wel uu slaag dan de re

124 219 1808 128 rieven over Duitsland 2 deel bl 245 - 249 op en gy zult er het gansche ver=

126 290 1787 124 paal in 't breede kunnen vinden. Een weinig verder ligt de benoemde

127 343 1846 150 odevaartsplaats Bornhoven, door een lange laan met het aanzienlyke

131 430 1838 132 dorp Kamp verbonden, 't welk sommige van Campuo Martis afleidende zeg¬

132 501 1810 116 gende dat hier te voren eene Romenische legerplaats geweest hetgeen

133 572 1848 122 uit de menigvuldige opgedolvene ondheden zou blyken. op de linker oever

132 641 1779 128 bespeurt men ras weiler en het Groote dorp Salzig en het St Marten

129 703 1753 129 kooster achter hetwelk de oude stad Boppard als 't ware schuilt

128 782 1769 138 daar men in den beginne niets dan het Klooster Marienberg, dat zich

127 844 1789 148 achter hetzelve verhoft, zien kan; een weinig verder ligt het overoude

121 921 1785 145 Stadje Niedersburg. De menigvuldige wendingen van den Ryn doen

125 998 1807 134 devaart op dezelve niet weinig afwisselend zyn en telken reize bekomt

129 1064 1790 134 wen men weder geheel andere gezichten; dan na met eene scherpe

130 1139 1851 137 hoek om Filzen gevaren te zyn veranderd het toneel geheel en al daar

127 1213 1780 131 de bergen op de linker oever thans geheel en al met wynstokken

131 1282 1794 148 bepoot zyn, hetgeen tot nu toe het geval niet was, en daarentegen

123 1359 1802 144 op de regter oever de wynstok voor Kreupel-bosch en zwaarhout

119 1445 1776 136 heeft plaats Gemaakt Na nog op beide oevers een aanzal dorpen

119 1523 1823 125 voorbyj gedreven te zyn, wiernamen is mogelyk zullen vervelen,

129 1589 1782 133 weshalven ik is de naamlyst daarvan niet zal mededeele

123 1650 1880 152 bekomt men op eens het minste gezicht dat men sinds Rudesheim

123 1731 1766 151 had daar aan weerszyden de bergen zich hoe langer hoe meer

120 1802 1836 148 verwyderen; en men soms korenvelden op de oevers ontwaart.

124 1887 1823 134 keuze op de eene en over Lahustein op de andere zyde voorby zynde

120 1960 1828 127 hiet men de uine zaten Eek en kort daarop de rivier de Laten die

120 2033 1834 141 zich in den Ryn stort en by hoog water de op stad Nieder Lahustein

123 2114 1856 143 dikwyls overstroomt: zuid hier over ligt op eene aanmerklyke hoogte

121 2184 1865 134 de trotsche ruine stolzeufels waaronder Kapellen als verscholen ligt:

120 2254 1835 130 dit dorp heefte te voren Killeborg maar heeft deze naam bekomen na

122 2320 1779 156 een brand die het Gansche dorp, behalven de Kapel, vernield heeft.
