2083 2540
1926 25 77 75 175

179 33 1804 167 van Nieuwred, wiens slot hier aan den Ryn gelegen is, doch is by het oprigten van

177 131 1832 125 t Rynverbond onder Nassan gebragt en gehoorzaamt dien vorst nog: groot is

168 198 1820 126 te verdraagzaamheid die hier heerscht daar hier Gereformeerden, zuther

166 258 1846 116 „hen, Roomschen, Doopsgezenden, serschutters en Joden wonen, die hier mees

167 312 1784 137 alle hunne afzonderlyke kerken hebben. De Hernhuttersche gemeente is

168 365 1839 160 voor het overige Nieuwred 's grootste byzonderheid; wy troffen het just dat

183 431 1790 148 het 84=te jaar van hun bestaan vierde en woonden van half acht tot

168 496 1808 157 min 8 uur hunne Godsdienstoeffening by, de kerk is zeer eenvoudig, men

168 558 1816 147 vindt er niet in als banken, een tavel voor den spreker en een klein ongel„

170 631 1826 143 in eene hoek van het gebouw is eene kleine loge voor vreemdelingen waer

162 693 1841 130 men ons ook bragt: behalven eene zeer korte aanspraak van den leeraa

157 752 1814 157 bestond alles in zingen. Aan het Broederhuis is noch van binnen noch

161 821 1835 154 van buiten iets opmerkelyks, alles is zeer eenvoudig en even als by de Broe„

162 894 1807 150 dergemeente te zeist ingezigt doch men vindt er zoo geene winkels van

159 971 1755 137 voorwerpen van weelde doch meest van noodwendigheden wy zagen er

159 1012 1853 168 eene groote fabriek van porceleinen Kauhels en Pottewerk: de gemeente

157 1085 1835 165 bedraagt tegenswoordig 400 Zielen. In het hier gevestigde instituat zyn

157 1159 1772 166 68 kinderen waaronder 20 Hollanders het locaal, waar deeze zyn

158 1223 1791 164 is zeer ruim en alle vertrekken hen uitersten Ziidelyk wy spraken

157 1282 1801 188 er myn Neefje Gerard van Swinderen die zeer verheugt scheen ons te

151 1357 1666 183 zien en het overige van den avond by ons heeft doorgebragt

159 1462 1796 142 De verzameling van oudheden op het slot voorhanden hebben wy nog

155 1529 1799 165 niet kunnen zeen doch hopen zulks morgen voor ons vertrek te doen

156 1594 1805 147 dit hebben wy om 8 uur bepaald wyl wy by den Heer Hauptman, die

160 1645 1835 185 zeer zieklyk is, niet eerder te regt kunnen komen: ik hoop hieromtrent

157 1718 1824 164 dan in eene volgende iets mede te deelen; waarschynlyk schryf ik u

155 1809 1416 166 uit Keulen of Dusseldorp. - En hiermede zeg ik es dan

1360 1871 366 138 vaarwel
