2098 2540
136 43 132 95 XII

220 52 1714 151 ludtplaats. — Ruine aan den Ryn. — Inwendig goed gemoderniseert.

143 132 1953 132 Goed dener en heerlijke wijn in het logement. — vertrek van Rudesheem aand

178 215 1918 104 Bergen. — Vaart door het Beugerloch. — Muizekoren. Deszelfs oor spkola

176 272 1920 117 Asmanshausen. — Ruiner aldaar. — Chanssé op de linker Rinoever Kam

128 330 1968 123 Nieder Hteembach en Lorrich — Bacharach. —. Gezigt op Kanp: —. Ruinschay

127 391 1969 123 lijt Gutenfels. — Leegroeven. — Mislukte afdaling. — De Paltz. —. BeschLoger

128 458 1968 111 ving van het kasteel. — Merkwaardige put aldaar — vertrek van Kantenle

139 526 1957 111 — Schoneberg. — Ober Wesel — Luhslay rots. — Sterke echo aldaar hry

127 590 1969 118 zalm visschery. — Aankomst te St Goart. — verwoeste vesting Theuoren

131 644 1965 147 fels. — Ehrenthal. — Zilvermyner aldaar. Herzenach Bouwvat Tc

135 722 1961 130 len de twee Broeders. — - Boanhove. . - Camp. — - st: Martin. — Bopvaar

134 790 1962 114 pard. — afwisselende gezigten. — Rivier de Latm. — Ruine van Stokerk

129 853 1857 108 zeufels. — Eerste gezicht op Ehrenbrechslein. — Eiland Oberwerth. — Aan

1980 863 116 88 ink

136 920 1817 116 komst te Thal Ehrenbreckstein. — Beschryving van Coblentz. — Brug

138 984 1841 107 over de Moezel. — Slot. — Karthuiser klooster. — Bron met mineraat

141 1043 1953 133 water in Thal. —. Ehrenbreitsteine rols. — Beschryving van den Twee

146 1107 1829 128 puinhopen der voormalige vesting. — Heerlyk gezigt van deeze

143 1175 1834 117 hoogte. De kortste weg niet altoos de beste. vaart na Neuwie

211 1233 1728 115 Naamlyd der dorpen op beide oevers. — Beschryving van

141 1294 1826 143 Neuwied. — Sternhuttersche broedergemeente. — Feest van hun

141 1354 510 108 84 jarig bestaan-

1573 1385 348 96 Bladz 163

621 1442 349 181 Brief XXI

337 1543 1171 185 Uit Dusseldorp van den 23 Augustus 1816.

127 1670 1969 190 Te Nieuwied de verzameling van oudheden niet kunnen zien. — Ververta

136 1804 1960 126 trek van daar Vaart na Andernach Ruinen van het Kas wert

140 1869 1956 128 teel van Vrusus. — Beddingen Iufsteén. — Naar de schyfschieteding

204 1931 1892 131 Hier worden de groote houtvlotten zamen gevoegd over wild

136 1993 1960 122 en Nieder Nammerstein. — Menigvuldige mines. — Het stadje Heer

136 2060 1506 119 Linz. —. Bedelaars.— Linzhansen. — Okenfels.

1699 2082 397 94 Rivier Stel

135 2125 1522 131 de Ahr. – A Apollinarisberg. — Expel. Unckel.

1676 2146 411 108 Heister van

1956 1541 55 87 de

1939 1604 97 65 den

1938 1660 153 76 rectla

1941 1718 155 79 Schild

1943 62 153 117 Het
