2083 2540
177 51 1723 169 het nederdalen dagten la Faille en ik een veel korter weg te kunnen

165 160 1827 134 nemen en waren reeds werklyk byna tot onderen gekomen, doen wi ons ge¬

165 223 1810 129 door een om vergevallene muur van een wyngaart opgehouden zagen &

161 290 1838 134 tongié mal gré weder geheel naar boven moesten klimmen toen wy pour

163 358 1812 124 puble de miseve door de overigen hartlyk wierden uitgelaaken. met

178 419 1810 138 een boot, die aan den oever was, weiden en zeilder wi vervolgens zoo half

173 494 1794 121 half naar de Palts zoo als ik strak zeide midden in den Ryn ge=

163 550 1836 131 bouwd. van slechts ééne zyde kan men dit gebouw binnen komen en moet

165 620 1826 131 dan nog wel van het schip op eene ladder naar boven klummen en de

162 689 1799 144 sleutel der deur van den waard uit den Hterberg te Kaut medenemen:

161 751 1837 129 wonderlyk zich diter van binnen uit: midden in hetzelve is een geheel

163 826 1818 124 op zich zelf staande toren terwyl de gebouwen rondom volkleine horen„

163 893 1826 131 ges zyn, men weet niet wanneer of door wier het gebouwt is noch hoe lang

159 963 1819 135 het bewoond is geworden; volgens de Quide des voyagens van Reichard

157 1040 1842 117 zouden in vorige tyden de Paltsche Princessen hier altyd hebben moe„

163 1110 1835 113 ten kramen en wel in een klein vertrekje dat ons onze gids aanwees:

165 1174 1850 123 het zonderlangste is hier een put t waarvan het water volstrekt Geene

163 1250 1795 114 gemeenschap heeft met het Rynwater dat het slot aan alle zyden

159 1311 1820 119 bespoelt. Toen in 1814 Blucher met zyne armee hier de rivier was over

158 1374 1841 131 getrokken, hadden de Pruissen hier in de Palts eene wagt gehad waar„

149 1448 1792 139 van men nog eenige restes kon zien zynde de uuren geheel vol

156 1515 1873 137 namen van Pruissische militairen. — Nu weider wy weder naar onze

149 1589 1799 135 boot, waarmede wi zas veel wegs vorderden daar de Schippert

146 1661 1860 128 met zyne drie knegten gestadig werkte en elk eenen riem bestuurden;

144 1727 1821 134 zoo voeren wy dan al spoedig langs de schoone uuine Schoneberg en het

146 1793 1835 138 stadje Overwesel op de linkeroever, waar mede verscheiden ruines

145 1867 1871 129 zyn, toen eene sterke bogt van de rivier ons by de trotsche en woeste

145 1943 1796 132 Luchslagrots bragt: volgens sommigen zoude deezer Luhslag in

143 2015 1789 132 oud duitsch zoo veel als na praten, nagalmen beduiden en deeze

153 2094 1768 125 rls daarvan dien naam bekomen hebben wyl hier een zeer sterke

148 2167 1808 125 eicho is die dewoorden ten uitersten duidelyk nabaauwt, een

150 2244 1767 116 pistoolschot door ons hier afgeschoten wierd duidelyk en lang

151 2314 1777 134 daarna gehoord; hier was de Rijn als bedekt met groote
