<?xml version='1.0' encoding='UTF-8' standalone='yes'?>
<alto xmlns:xsi="http://www.w3.org/2001/XMLSchema-instance" xmlns="http://www.loc.gov/standards/alto/ns-v4#" xsi:schemaLocation="http://www.loc.gov/standards/alto/ns-v4# http://www.loc.gov/standards/alto/v4/alto-4-2.xsd" SCHEMAVERSION="4.2">
  <Description>
    <MeasurementUnit>pixel</MeasurementUnit>
    <sourceImageInformation>
      <fileName>0113_0552_0179_0113.jpg</fileName>
    </sourceImageInformation>
  </Description>
  <Styles>
    <TextStyle ID="textstyle-None---sans-serif---proportional---None---None---None" FONTTYPE="sans-serif" FONTWIDTH="proportional"/>
  </Styles>
  <Tags/>
  <Layout>
    <Page ID="None" PHYSICAL_IMG_NR="0" WIDTH="2083" HEIGHT="2540">
      <PrintSpace VPOS="0" HPOS="0" HEIGHT="2540" WIDTH="2083">
        <TextBlock ID="df7820c2-1432-4f9c-98eb-5cee3a35ac5f" HEIGHT="65" WIDTH="73" HPOS="1920" VPOS="72" IDNEXT="b72c8e5b-4609-4d53-9924-c8f47b767937">
          <Shape>
            <Polygon POINTS="1920,72 1993,72 1993,137 1920,137"/>
          </Shape>
          <TextLine ID="line_1793d2cf-5130-43d4-885d-b274f38ba1e9" HEIGHT="65" WIDTH="73" HPOS="1920" VPOS="72" STYLEREFS="textstyle-None---sans-serif---proportional---None---None---None">
            <Shape>
              <Polygon POINTS="1920,73 1993,72 1993,119 1980,132 1963,124 1951,133 1941,127 1931,137 1920,133"/>
            </Shape>
            <String ID="line_1793d2cf-5130-43d4-885d-b274f38ba1e9-dummy-Word" HEIGHT="65" WIDTH="73" HPOS="1920" VPOS="72" CONTENT="49">
              <Shape>
                <Polygon POINTS="1920,73 1993,72 1993,119 1980,132 1963,124 1951,133 1941,127 1931,137 1920,133"/>
              </Shape>
            </String>
          </TextLine>
        </TextBlock>
        <TextBlock ID="b72c8e5b-4609-4d53-9924-c8f47b767937" HEIGHT="2414" WIDTH="1888" HPOS="155" VPOS="74">
          <Shape>
            <Polygon POINTS="155,74 2043,74 2043,2488 155,2488"/>
          </Shape>
          <TextLine ID="a7710278-b0da-437d-8c83-5663b1e041d2" HEIGHT="143" WIDTH="1784" HPOS="195" VPOS="74" STYLEREFS="textstyle-None---sans-serif---proportional---None---None---None">
            <Shape>
              <Polygon POINTS="195,130 262,137 285,118 301,117 321,130 335,121 360,126 381,114 416,118 427,110 469,102 478,109 489,102 508,117 528,113 567,142 605,118 638,129 660,110 671,114 684,102 700,102 759,129 769,121 782,126 798,110 845,109 865,125 904,137 943,109 965,118 996,113 1016,125 1039,102 1056,110 1084,94 1106,113 1159,113 1180,101 1211,126 1247,114 1272,94 1313,125 1322,117 1369,109 1398,86 1415,82 1427,93 1480,82 1517,85 1551,102 1578,86 1599,93 1611,86 1620,93 1648,82 1693,94 1710,78 1736,74 1757,94 1791,85 1816,94 1850,78 1870,98 1886,90 1907,95 1958,133 1979,125 1978,173 1955,182 1938,171 1917,182 1878,173 1849,189 1822,173 1803,189 1787,173 1766,177 1756,170 1742,179 1727,170 1674,177 1640,170 1618,187 1594,178 1566,201 1549,190 1526,197 1501,183 1482,189 1445,174 1379,202 1345,174 1306,174 1282,189 1264,174 1211,174 1197,181 1141,178 1074,213 1049,195 1034,204 1014,185 990,189 980,182 958,182 922,213 869,182 824,182 764,205 747,197 702,213 668,213 636,189 607,189 600,182 580,189 516,189 500,201 492,194 459,217 425,197 399,197 377,186 337,201 318,194 300,206 279,206 248,190 226,204 195,210"/>
            </Shape>
            <String ID="a7710278-b0da-437d-8c83-5663b1e041d2-dummy-Word" HEIGHT="143" WIDTH="1784" HPOS="195" VPOS="74" CONTENT="nooit uit de hand legde, eenige stukjes van de groote graniet, (alle„">
              <Shape>
                <Polygon POINTS="195,130 262,137 285,118 301,117 321,130 335,121 360,126 381,114 416,118 427,110 469,102 478,109 489,102 508,117 528,113 567,142 605,118 638,129 660,110 671,114 684,102 700,102 759,129 769,121 782,126 798,110 845,109 865,125 904,137 943,109 965,118 996,113 1016,125 1039,102 1056,110 1084,94 1106,113 1159,113 1180,101 1211,126 1247,114 1272,94 1313,125 1322,117 1369,109 1398,86 1415,82 1427,93 1480,82 1517,85 1551,102 1578,86 1599,93 1611,86 1620,93 1648,82 1693,94 1710,78 1736,74 1757,94 1791,85 1816,94 1850,78 1870,98 1886,90 1907,95 1958,133 1979,125 1978,173 1955,182 1938,171 1917,182 1878,173 1849,189 1822,173 1803,189 1787,173 1766,177 1756,170 1742,179 1727,170 1674,177 1640,170 1618,187 1594,178 1566,201 1549,190 1526,197 1501,183 1482,189 1445,174 1379,202 1345,174 1306,174 1282,189 1264,174 1211,174 1197,181 1141,178 1074,213 1049,195 1034,204 1014,185 990,189 980,182 958,182 922,213 869,182 824,182 764,205 747,197 702,213 668,213 636,189 607,189 600,182 580,189 516,189 500,201 492,194 459,217 425,197 399,197 377,186 337,201 318,194 300,206 279,206 248,190 226,204 195,210"/>
              </Shape>
            </String>
          </TextLine>
          <TextLine ID="e59d4b3b-bc56-4931-bced-6dfc3ef85e55" HEIGHT="112" WIDTH="1792" HPOS="187" VPOS="171" STYLEREFS="textstyle-None---sans-serif---proportional---None---None---None">
            <Shape>
              <Polygon POINTS="187,179 197,178 214,195 253,190 280,207 340,190 356,199 383,187 399,198 424,198 453,218 495,207 511,191 519,197 539,183 559,190 579,190 586,183 621,191 636,187 668,214 737,206 758,187 784,191 792,183 814,191 824,183 862,183 888,190 918,214 954,186 973,183 991,190 1011,185 1033,206 1058,202 1072,214 1087,203 1095,207 1117,199 1141,206 1175,175 1283,175 1303,184 1345,175 1383,203 1444,175 1463,185 1481,179 1502,194 1550,191 1566,202 1590,179 1618,187 1636,171 1722,171 1734,181 1757,171 1802,190 1821,175 1845,187 1862,186 1875,175 1914,183 1939,171 1968,190 1979,185 1979,231 1922,263 1879,228 1864,228 1837,250 1818,247 1794,228 1770,228 1754,239 1737,228 1724,239 1713,231 1694,238 1686,232 1657,248 1619,243 1596,228 1579,239 1545,239 1532,251 1503,230 1463,236 1455,244 1443,235 1419,248 1395,243 1369,255 1349,255 1320,236 1298,251 1281,235 1265,232 1227,259 1211,251 1193,259 1177,248 1156,259 1143,246 1128,247 1109,263 1063,259 1039,236 1015,236 998,247 971,239 902,240 895,247 865,240 839,257 816,259 808,252 773,263 742,247 720,261 707,253 696,259 668,251 648,264 614,248 597,259 570,244 484,255 454,255 441,247 404,267 390,256 343,283 313,278 298,267 287,271 246,248 224,256 187,251"/>
            </Shape>
            <String ID="e59d4b3b-bc56-4931-bced-6dfc3ef85e55-dummy-Word" HEIGHT="112" WIDTH="1792" HPOS="187" VPOS="171" CONTENT="door en jaspis steenen waarvan ik eenige heb medegenomen; doch dit ging">
              <Shape>
                <Polygon POINTS="187,179 197,178 214,195 253,190 280,207 340,190 356,199 383,187 399,198 424,198 453,218 495,207 511,191 519,197 539,183 559,190 579,190 586,183 621,191 636,187 668,214 737,206 758,187 784,191 792,183 814,191 824,183 862,183 888,190 918,214 954,186 973,183 991,190 1011,185 1033,206 1058,202 1072,214 1087,203 1095,207 1117,199 1141,206 1175,175 1283,175 1303,184 1345,175 1383,203 1444,175 1463,185 1481,179 1502,194 1550,191 1566,202 1590,179 1618,187 1636,171 1722,171 1734,181 1757,171 1802,190 1821,175 1845,187 1862,186 1875,175 1914,183 1939,171 1968,190 1979,185 1979,231 1922,263 1879,228 1864,228 1837,250 1818,247 1794,228 1770,228 1754,239 1737,228 1724,239 1713,231 1694,238 1686,232 1657,248 1619,243 1596,228 1579,239 1545,239 1532,251 1503,230 1463,236 1455,244 1443,235 1419,248 1395,243 1369,255 1349,255 1320,236 1298,251 1281,235 1265,232 1227,259 1211,251 1193,259 1177,248 1156,259 1143,246 1128,247 1109,263 1063,259 1039,236 1015,236 998,247 971,239 902,240 895,247 865,240 839,257 816,259 808,252 773,263 742,247 720,261 707,253 696,259 668,251 648,264 614,248 597,259 570,244 484,255 454,255 441,247 404,267 390,256 343,283 313,278 298,267 287,271 246,248 224,256 187,251"/>
              </Shape>
            </String>
          </TextLine>
          <TextLine ID="afef7ef3-8668-45d1-8c0e-7ea1fcf9bbc4" HEIGHT="121" WIDTH="1827" HPOS="184" VPOS="225" STYLEREFS="textstyle-None---sans-serif---proportional---None---None---None">
            <Shape>
              <Polygon POINTS="184,248 229,261 263,252 286,271 303,266 313,276 340,280 357,276 383,255 402,269 426,245 503,258 527,245 573,245 597,256 629,252 641,264 654,265 667,252 687,249 700,256 717,242 729,253 752,253 767,244 827,241 841,253 875,237 926,270 936,260 953,269 989,240 1021,237 1082,261 1115,236 1149,243 1160,237 1169,244 1182,233 1195,237 1207,229 1233,237 1242,232 1250,240 1264,233 1272,240 1282,236 1302,249 1326,236 1350,256 1397,244 1416,228 1435,229 1454,244 1474,225 1529,228 1541,240 1587,236 1599,225 1622,237 1640,225 1664,241 1692,232 1714,249 1728,249 1745,233 1757,236 1773,225 1808,225 1828,244 1845,248 1878,225 1917,264 1949,241 1961,245 1988,230 2011,241 2011,288 1977,318 1949,310 1923,287 1910,299 1878,284 1832,299 1811,314 1802,307 1789,314 1759,291 1725,311 1718,304 1710,311 1693,295 1666,306 1638,288 1621,295 1610,288 1575,288 1545,315 1518,299 1496,299 1485,288 1434,288 1397,303 1386,293 1365,311 1322,330 1265,314 1224,292 1207,292 1172,314 1117,296 1087,296 1070,309 1059,303 1028,314 996,310 981,296 960,296 891,330 872,326 844,301 799,307 791,299 768,299 756,311 743,307 726,314 713,303 698,303 665,326 643,330 603,303 568,303 520,327 507,319 468,323 438,346 414,342 378,321 362,326 345,310 327,319 301,307 242,307 184,346"/>
            </Shape>
            <String ID="afef7ef3-8668-45d1-8c0e-7ea1fcf9bbc4-dummy-Word" HEIGHT="121" WIDTH="1827" HPOS="184" VPOS="225" CONTENT="zeer moeilyk in zyn werk want wanneer hij met onbegryplyk veel">
              <Shape>
                <Polygon POINTS="184,248 229,261 263,252 286,271 303,266 313,276 340,280 357,276 383,255 402,269 426,245 503,258 527,245 573,245 597,256 629,252 641,264 654,265 667,252 687,249 700,256 717,242 729,253 752,253 767,244 827,241 841,253 875,237 926,270 936,260 953,269 989,240 1021,237 1082,261 1115,236 1149,243 1160,237 1169,244 1182,233 1195,237 1207,229 1233,237 1242,232 1250,240 1264,233 1272,240 1282,236 1302,249 1326,236 1350,256 1397,244 1416,228 1435,229 1454,244 1474,225 1529,228 1541,240 1587,236 1599,225 1622,237 1640,225 1664,241 1692,232 1714,249 1728,249 1745,233 1757,236 1773,225 1808,225 1828,244 1845,248 1878,225 1917,264 1949,241 1961,245 1988,230 2011,241 2011,288 1977,318 1949,310 1923,287 1910,299 1878,284 1832,299 1811,314 1802,307 1789,314 1759,291 1725,311 1718,304 1710,311 1693,295 1666,306 1638,288 1621,295 1610,288 1575,288 1545,315 1518,299 1496,299 1485,288 1434,288 1397,303 1386,293 1365,311 1322,330 1265,314 1224,292 1207,292 1172,314 1117,296 1087,296 1070,309 1059,303 1028,314 996,310 981,296 960,296 891,330 872,326 844,301 799,307 791,299 768,299 756,311 743,307 726,314 713,303 698,303 665,326 643,330 603,303 568,303 520,327 507,319 468,323 438,346 414,342 378,321 362,326 345,310 327,319 301,307 242,307 184,346"/>
              </Shape>
            </String>
          </TextLine>
          <TextLine ID="line_24ac715f-4ea6-46dd-98c1-918978b713ba" HEIGHT="131" WIDTH="1816" HPOS="173" VPOS="285" STYLEREFS="textstyle-None---sans-serif---proportional---None---None---None">
            <Shape>
              <Polygon POINTS="173,329 187,332 211,309 225,320 239,309 307,309 337,325 351,313 366,312 397,336 419,327 440,344 478,319 506,320 518,328 569,305 607,305 647,328 688,316 708,301 725,313 793,301 819,317 852,305 889,332 926,316 945,297 993,301 1005,293 1014,301 1022,293 1064,293 1077,301 1085,293 1109,293 1119,301 1136,297 1158,316 1222,289 1233,300 1248,300 1271,316 1293,316 1318,332 1368,309 1393,286 1410,293 1485,286 1505,301 1524,300 1538,313 1549,313 1579,286 1622,296 1637,285 1652,293 1683,286 1706,309 1717,305 1724,312 1746,293 1760,292 1788,316 1799,309 1811,315 1856,286 1880,285 1902,297 1919,286 1959,286 1989,301 1987,350 1976,342 1964,352 1932,350 1906,361 1874,350 1862,361 1848,354 1800,384 1760,353 1737,349 1721,350 1712,359 1695,350 1673,350 1666,357 1655,350 1601,350 1578,365 1545,354 1518,377 1495,356 1473,354 1451,373 1433,365 1405,378 1388,367 1367,384 1337,389 1304,368 1286,382 1273,381 1240,362 1220,370 1197,363 1165,374 1142,369 1105,389 1070,377 1025,385 999,369 982,373 959,362 942,373 931,366 895,365 864,389 805,385 786,366 746,366 730,381 688,374 672,384 632,366 600,385 581,370 546,372 522,385 478,377 456,393 422,401 406,389 394,397 378,381 367,385 348,370 331,370 320,381 259,374 245,384 206,389 173,416"/>
            </Shape>
            <String ID="line_24ac715f-4ea6-46dd-98c1-918978b713ba-dummy-Word" HEIGHT="131" WIDTH="1816" HPOS="173" VPOS="285" CONTENT="moeite soms een klein stukje had afgeslagen, sprong het dikwyjls zoo">
              <Shape>
                <Polygon POINTS="173,329 187,332 211,309 225,320 239,309 307,309 337,325 351,313 366,312 397,336 419,327 440,344 478,319 506,320 518,328 569,305 607,305 647,328 688,316 708,301 725,313 793,301 819,317 852,305 889,332 926,316 945,297 993,301 1005,293 1014,301 1022,293 1064,293 1077,301 1085,293 1109,293 1119,301 1136,297 1158,316 1222,289 1233,300 1248,300 1271,316 1293,316 1318,332 1368,309 1393,286 1410,293 1485,286 1505,301 1524,300 1538,313 1549,313 1579,286 1622,296 1637,285 1652,293 1683,286 1706,309 1717,305 1724,312 1746,293 1760,292 1788,316 1799,309 1811,315 1856,286 1880,285 1902,297 1919,286 1959,286 1989,301 1987,350 1976,342 1964,352 1932,350 1906,361 1874,350 1862,361 1848,354 1800,384 1760,353 1737,349 1721,350 1712,359 1695,350 1673,350 1666,357 1655,350 1601,350 1578,365 1545,354 1518,377 1495,356 1473,354 1451,373 1433,365 1405,378 1388,367 1367,384 1337,389 1304,368 1286,382 1273,381 1240,362 1220,370 1197,363 1165,374 1142,369 1105,389 1070,377 1025,385 999,369 982,373 959,362 942,373 931,366 895,365 864,389 805,385 786,366 746,366 730,381 688,374 672,384 632,366 600,385 581,370 546,372 522,385 478,377 456,393 422,401 406,389 394,397 378,381 367,385 348,370 331,370 320,381 259,374 245,384 206,389 173,416"/>
              </Shape>
            </String>
          </TextLine>
          <TextLine ID="line_8c61d94e-eedd-4347-abd7-aed2d31e6117" HEIGHT="126" WIDTH="1810" HPOS="155" VPOS="347" STYLEREFS="textstyle-None---sans-serif---proportional---None---None---None">
            <Shape>
              <Polygon POINTS="155,372 181,387 205,383 224,391 264,371 286,371 299,383 312,371 349,371 360,382 373,375 395,395 408,387 422,399 437,399 513,371 586,398 630,367 695,367 721,375 746,363 786,363 821,387 857,387 873,399 909,363 920,371 943,371 951,363 959,371 975,370 991,363 1061,396 1080,383 1097,395 1124,372 1164,374 1183,366 1196,374 1203,367 1220,371 1247,355 1259,363 1280,355 1310,375 1337,371 1353,383 1364,383 1396,352 1434,375 1444,368 1455,371 1471,355 1499,355 1520,375 1545,351 1667,357 1689,347 1718,354 1760,348 1802,379 1832,359 1864,359 1872,351 1888,359 1920,359 1951,348 1965,361 1965,408 1908,407 1888,414 1876,407 1865,414 1834,414 1809,429 1796,429 1771,412 1723,417 1694,411 1679,425 1644,423 1617,441 1563,414 1526,414 1510,430 1494,429 1473,441 1436,416 1431,421 1407,414 1387,429 1358,414 1341,414 1298,452 1253,445 1236,457 1220,446 1200,456 1173,457 1165,449 1146,453 1113,422 1103,422 1072,453 1038,422 1029,429 1014,422 996,438 974,425 942,429 904,456 883,445 857,457 821,427 813,433 796,426 762,430 737,438 717,456 640,430 618,437 568,430 524,468 480,445 464,444 405,453 389,469 372,473 338,472 326,460 308,468 286,449 254,438 240,449 194,460 165,445 155,449"/>
            </Shape>
            <String ID="line_8c61d94e-eedd-4347-abd7-aed2d31e6117-dummy-Word" HEIGHT="126" WIDTH="1810" HPOS="155" VPOS="347" CONTENT="ver, dat hy, na een tyd lang te vergeefsch gezogt te hebben, weer">
              <Shape>
                <Polygon POINTS="155,372 181,387 205,383 224,391 264,371 286,371 299,383 312,371 349,371 360,382 373,375 395,395 408,387 422,399 437,399 513,371 586,398 630,367 695,367 721,375 746,363 786,363 821,387 857,387 873,399 909,363 920,371 943,371 951,363 959,371 975,370 991,363 1061,396 1080,383 1097,395 1124,372 1164,374 1183,366 1196,374 1203,367 1220,371 1247,355 1259,363 1280,355 1310,375 1337,371 1353,383 1364,383 1396,352 1434,375 1444,368 1455,371 1471,355 1499,355 1520,375 1545,351 1667,357 1689,347 1718,354 1760,348 1802,379 1832,359 1864,359 1872,351 1888,359 1920,359 1951,348 1965,361 1965,408 1908,407 1888,414 1876,407 1865,414 1834,414 1809,429 1796,429 1771,412 1723,417 1694,411 1679,425 1644,423 1617,441 1563,414 1526,414 1510,430 1494,429 1473,441 1436,416 1431,421 1407,414 1387,429 1358,414 1341,414 1298,452 1253,445 1236,457 1220,446 1200,456 1173,457 1165,449 1146,453 1113,422 1103,422 1072,453 1038,422 1029,429 1014,422 996,438 974,425 942,429 904,456 883,445 857,457 821,427 813,433 796,426 762,430 737,438 717,456 640,430 618,437 568,430 524,468 480,445 464,444 405,453 389,469 372,473 338,472 326,460 308,468 286,449 254,438 240,449 194,460 165,445 155,449"/>
              </Shape>
            </String>
          </TextLine>
          <TextLine ID="fee79737-a647-4395-bba1-e0f8ce7eab6c" HEIGHT="154" WIDTH="1848" HPOS="158" VPOS="395" STYLEREFS="textstyle-None---sans-serif---proportional---None---None---None">
            <Shape>
              <Polygon POINTS="158,455 175,448 188,456 228,439 256,455 267,452 288,468 311,453 337,471 377,472 445,435 515,463 565,432 600,432 669,464 701,448 718,454 732,440 753,440 767,428 822,428 839,440 874,440 903,455 938,428 971,424 990,438 1015,424 1040,424 1073,452 1106,420 1144,456 1163,448 1180,456 1202,444 1216,455 1246,436 1277,452 1300,451 1334,420 1389,426 1415,412 1453,428 1472,412 1501,432 1549,430 1565,421 1585,430 1621,416 1650,424 1671,412 1685,419 1733,412 1751,423 1792,420 1810,428 1824,415 1830,420 1851,409 1864,416 1872,409 1900,416 1910,409 1942,412 1961,395 2006,420 2006,466 1993,475 1973,468 1945,479 1911,464 1866,474 1841,494 1827,482 1810,475 1801,479 1784,468 1749,484 1723,468 1649,468 1612,483 1604,476 1596,481 1569,473 1523,509 1505,499 1486,510 1437,479 1412,502 1391,494 1372,502 1339,475 1299,487 1274,479 1201,483 1181,494 1154,487 1136,502 1114,502 1103,491 1086,494 1078,487 1045,502 1025,490 991,487 966,498 945,495 911,517 877,502 869,509 849,502 835,516 799,514 791,522 739,499 731,502 718,491 699,491 679,506 660,491 639,506 628,498 592,506 581,495 547,495 519,517 509,511 499,521 487,509 473,518 463,509 443,513 426,499 409,510 401,502 360,495 339,506 325,502 313,514 301,510 291,520 280,509 252,517 224,503 176,549 158,549"/>
            </Shape>
            <String ID="fee79737-a647-4395-bba1-e0f8ce7eab6c-dummy-Word" HEIGHT="154" WIDTH="1848" HPOS="158" VPOS="395" CONTENT="op nieuw aan het werk moest. Nevens den zoogenaamden Hane">
              <Shape>
                <Polygon POINTS="158,455 175,448 188,456 228,439 256,455 267,452 288,468 311,453 337,471 377,472 445,435 515,463 565,432 600,432 669,464 701,448 718,454 732,440 753,440 767,428 822,428 839,440 874,440 903,455 938,428 971,424 990,438 1015,424 1040,424 1073,452 1106,420 1144,456 1163,448 1180,456 1202,444 1216,455 1246,436 1277,452 1300,451 1334,420 1389,426 1415,412 1453,428 1472,412 1501,432 1549,430 1565,421 1585,430 1621,416 1650,424 1671,412 1685,419 1733,412 1751,423 1792,420 1810,428 1824,415 1830,420 1851,409 1864,416 1872,409 1900,416 1910,409 1942,412 1961,395 2006,420 2006,466 1993,475 1973,468 1945,479 1911,464 1866,474 1841,494 1827,482 1810,475 1801,479 1784,468 1749,484 1723,468 1649,468 1612,483 1604,476 1596,481 1569,473 1523,509 1505,499 1486,510 1437,479 1412,502 1391,494 1372,502 1339,475 1299,487 1274,479 1201,483 1181,494 1154,487 1136,502 1114,502 1103,491 1086,494 1078,487 1045,502 1025,490 991,487 966,498 945,495 911,517 877,502 869,509 849,502 835,516 799,514 791,522 739,499 731,502 718,491 699,491 679,506 660,491 639,506 628,498 592,506 581,495 547,495 519,517 509,511 499,521 487,509 473,518 463,509 443,513 426,499 409,510 401,502 360,495 339,506 325,502 313,514 301,510 291,520 280,509 252,517 224,503 176,549 158,549"/>
              </Shape>
            </String>
          </TextLine>
          <TextLine ID="a07eee6e-7908-4f48-a8a0-e0a31d0401bd" HEIGHT="129" WIDTH="1817" HPOS="172" VPOS="467" STYLEREFS="textstyle-None---sans-serif---proportional---None---None---None">
            <Shape>
              <Polygon POINTS="172,542 181,543 222,503 238,514 269,507 299,514 316,502 340,504 358,495 376,495 403,515 423,502 437,514 446,507 475,518 486,510 501,519 509,511 520,515 548,495 570,495 586,508 633,494 644,502 655,491 670,499 686,491 719,491 733,502 748,496 758,503 790,499 798,506 804,500 825,519 870,507 885,495 903,510 923,511 947,487 965,495 1010,487 1044,502 1109,490 1129,502 1159,503 1205,481 1238,479 1248,486 1274,479 1303,487 1311,479 1345,475 1374,502 1410,502 1440,483 1489,510 1521,483 1568,473 1586,475 1602,487 1619,475 1649,478 1682,467 1707,475 1721,467 1747,483 1781,467 1802,479 1834,471 1849,486 1866,471 1877,475 1889,467 1909,482 1933,470 1947,479 1960,467 1978,467 1989,477 1989,525 1948,533 1936,545 1871,526 1840,530 1827,541 1804,530 1768,553 1698,530 1671,533 1658,545 1639,534 1628,541 1619,534 1584,534 1539,560 1487,537 1448,557 1403,541 1390,548 1365,541 1324,569 1288,565 1268,576 1253,561 1225,565 1193,553 1149,563 1129,580 1107,566 1065,564 1057,556 1039,564 1023,553 1008,560 978,553 941,560 931,553 916,557 896,577 865,580 851,572 833,588 808,596 770,560 755,557 737,568 720,554 697,569 683,561 657,580 619,592 567,569 508,580 494,592 464,575 449,583 418,557 378,572 360,561 344,576 327,572 312,557 292,565 270,557 253,570 230,561 202,565 183,584 172,581"/>
            </Shape>
            <String ID="a07eee6e-7908-4f48-a8a0-e0a31d0401bd-dummy-Word" HEIGHT="129" WIDTH="1817" HPOS="172" VPOS="467" CONTENT="tree en Koningsberg, die wy rechts dagen liggen, merkten wy een zeer">
              <Shape>
                <Polygon POINTS="172,542 181,543 222,503 238,514 269,507 299,514 316,502 340,504 358,495 376,495 403,515 423,502 437,514 446,507 475,518 486,510 501,519 509,511 520,515 548,495 570,495 586,508 633,494 644,502 655,491 670,499 686,491 719,491 733,502 748,496 758,503 790,499 798,506 804,500 825,519 870,507 885,495 903,510 923,511 947,487 965,495 1010,487 1044,502 1109,490 1129,502 1159,503 1205,481 1238,479 1248,486 1274,479 1303,487 1311,479 1345,475 1374,502 1410,502 1440,483 1489,510 1521,483 1568,473 1586,475 1602,487 1619,475 1649,478 1682,467 1707,475 1721,467 1747,483 1781,467 1802,479 1834,471 1849,486 1866,471 1877,475 1889,467 1909,482 1933,470 1947,479 1960,467 1978,467 1989,477 1989,525 1948,533 1936,545 1871,526 1840,530 1827,541 1804,530 1768,553 1698,530 1671,533 1658,545 1639,534 1628,541 1619,534 1584,534 1539,560 1487,537 1448,557 1403,541 1390,548 1365,541 1324,569 1288,565 1268,576 1253,561 1225,565 1193,553 1149,563 1129,580 1107,566 1065,564 1057,556 1039,564 1023,553 1008,560 978,553 941,560 931,553 916,557 896,577 865,580 851,572 833,588 808,596 770,560 755,557 737,568 720,554 697,569 683,561 657,580 619,592 567,569 508,580 494,592 464,575 449,583 418,557 378,572 360,561 344,576 327,572 312,557 292,565 270,557 253,570 230,561 202,565 183,584 172,581"/>
              </Shape>
            </String>
          </TextLine>
          <TextLine ID="line_6264f651-d115-4e11-a76b-d49947268858" HEIGHT="156" WIDTH="1850" HPOS="171" VPOS="525" STYLEREFS="textstyle-None---sans-serif---proportional---None---None---None">
            <Shape>
              <Polygon POINTS="171,553 182,549 201,565 237,560 254,572 270,557 317,568 372,557 398,565 418,557 449,584 466,572 495,591 519,577 567,569 622,592 684,561 696,569 720,553 736,568 754,557 793,556 824,580 867,557 903,565 934,553 941,559 978,553 993,560 1004,549 1043,565 1056,556 1088,569 1107,566 1127,580 1144,565 1153,572 1168,557 1193,553 1224,566 1248,560 1323,569 1364,541 1381,541 1389,549 1402,541 1447,557 1485,537 1539,560 1584,534 1619,534 1626,541 1639,534 1658,545 1671,533 1698,530 1767,553 1804,530 1828,541 1856,526 1880,532 1888,527 1936,545 1948,533 2001,525 2021,544 2021,592 2004,606 1991,602 1983,608 1944,594 1926,606 1917,598 1897,606 1877,594 1860,594 1820,621 1789,598 1775,597 1743,617 1726,605 1707,613 1684,598 1657,618 1633,605 1610,609 1596,603 1568,622 1548,618 1527,637 1511,621 1480,633 1451,606 1424,613 1410,606 1395,613 1342,606 1309,613 1263,649 1234,645 1225,653 1178,637 1149,645 1095,621 1081,625 1069,614 1040,625 1021,617 1001,629 980,618 972,626 940,625 928,635 909,621 860,645 840,637 787,640 774,633 764,640 752,629 739,629 697,648 677,629 642,633 628,622 612,622 566,637 527,629 488,661 439,643 409,645 389,633 364,637 349,648 326,637 285,638 273,629 257,637 225,637 171,681"/>
            </Shape>
            <String ID="line_6264f651-d115-4e11-a76b-d49947268858-dummy-Word" HEIGHT="156" WIDTH="1850" HPOS="171" VPOS="525" CONTENT="sterk eecho op voor al toen wi aldaar een pistool afschoten hetwelk">
              <Shape>
                <Polygon POINTS="171,553 182,549 201,565 237,560 254,572 270,557 317,568 372,557 398,565 418,557 449,584 466,572 495,591 519,577 567,569 622,592 684,561 696,569 720,553 736,568 754,557 793,556 824,580 867,557 903,565 934,553 941,559 978,553 993,560 1004,549 1043,565 1056,556 1088,569 1107,566 1127,580 1144,565 1153,572 1168,557 1193,553 1224,566 1248,560 1323,569 1364,541 1381,541 1389,549 1402,541 1447,557 1485,537 1539,560 1584,534 1619,534 1626,541 1639,534 1658,545 1671,533 1698,530 1767,553 1804,530 1828,541 1856,526 1880,532 1888,527 1936,545 1948,533 2001,525 2021,544 2021,592 2004,606 1991,602 1983,608 1944,594 1926,606 1917,598 1897,606 1877,594 1860,594 1820,621 1789,598 1775,597 1743,617 1726,605 1707,613 1684,598 1657,618 1633,605 1610,609 1596,603 1568,622 1548,618 1527,637 1511,621 1480,633 1451,606 1424,613 1410,606 1395,613 1342,606 1309,613 1263,649 1234,645 1225,653 1178,637 1149,645 1095,621 1081,625 1069,614 1040,625 1021,617 1001,629 980,618 972,626 940,625 928,635 909,621 860,645 840,637 787,640 774,633 764,640 752,629 739,629 697,648 677,629 642,633 628,622 612,622 566,637 527,629 488,661 439,643 409,645 389,633 364,637 349,648 326,637 285,638 273,629 257,637 225,637 171,681"/>
              </Shape>
            </String>
          </TextLine>
          <TextLine ID="f121ce7e-0e0b-46a1-bff1-17450de0599d" HEIGHT="140" WIDTH="1826" HPOS="169" VPOS="594" STYLEREFS="textstyle-None---sans-serif---proportional---None---None---None">
            <Shape>
              <Polygon POINTS="169,617 192,630 247,630 254,637 274,630 308,641 320,653 386,637 425,653 446,647 483,661 502,653 529,626 559,637 597,626 608,637 626,638 637,630 650,636 667,629 695,637 710,625 730,633 751,629 761,638 814,634 854,645 865,634 878,637 890,629 910,637 919,631 926,638 982,618 1038,626 1067,614 1079,625 1114,626 1163,653 1179,653 1231,629 1270,643 1310,610 1329,621 1349,613 1377,621 1408,606 1421,613 1453,606 1480,633 1503,625 1526,638 1542,622 1553,629 1612,598 1642,614 1654,606 1663,613 1684,598 1716,598 1742,617 1783,594 1822,621 1853,595 1875,594 1890,605 1915,598 1925,606 1937,597 1953,613 1970,609 1995,619 1995,665 1931,693 1893,662 1870,670 1847,662 1834,675 1823,666 1779,666 1772,673 1761,666 1703,666 1679,686 1647,693 1626,693 1598,673 1590,677 1581,670 1528,670 1494,690 1466,674 1428,677 1420,685 1334,674 1310,694 1277,678 1223,710 1172,689 1152,697 1144,693 1136,701 1119,698 1111,706 1097,697 1065,705 1042,702 1031,713 1016,714 988,693 951,686 919,702 903,697 864,721 854,721 819,686 758,686 730,712 725,707 714,717 684,693 665,701 629,693 603,713 569,710 545,728 526,725 516,734 471,717 436,690 393,704 377,697 348,717 303,690 291,702 278,694 245,694 169,709"/>
            </Shape>
            <String ID="f121ce7e-0e0b-46a1-bff1-17450de0599d-dummy-Word" HEIGHT="140" WIDTH="1826" HPOS="169" VPOS="594" CONTENT="met eene vreeslyke drenning tot driemaal toe weerkaatst wierd.">
              <Shape>
                <Polygon POINTS="169,617 192,630 247,630 254,637 274,630 308,641 320,653 386,637 425,653 446,647 483,661 502,653 529,626 559,637 597,626 608,637 626,638 637,630 650,636 667,629 695,637 710,625 730,633 751,629 761,638 814,634 854,645 865,634 878,637 890,629 910,637 919,631 926,638 982,618 1038,626 1067,614 1079,625 1114,626 1163,653 1179,653 1231,629 1270,643 1310,610 1329,621 1349,613 1377,621 1408,606 1421,613 1453,606 1480,633 1503,625 1526,638 1542,622 1553,629 1612,598 1642,614 1654,606 1663,613 1684,598 1716,598 1742,617 1783,594 1822,621 1853,595 1875,594 1890,605 1915,598 1925,606 1937,597 1953,613 1970,609 1995,619 1995,665 1931,693 1893,662 1870,670 1847,662 1834,675 1823,666 1779,666 1772,673 1761,666 1703,666 1679,686 1647,693 1626,693 1598,673 1590,677 1581,670 1528,670 1494,690 1466,674 1428,677 1420,685 1334,674 1310,694 1277,678 1223,710 1172,689 1152,697 1144,693 1136,701 1119,698 1111,706 1097,697 1065,705 1042,702 1031,713 1016,714 988,693 951,686 919,702 903,697 864,721 854,721 819,686 758,686 730,712 725,707 714,717 684,693 665,701 629,693 603,713 569,710 545,728 526,725 516,734 471,717 436,690 393,704 377,697 348,717 303,690 291,702 278,694 245,694 169,709"/>
              </Shape>
            </String>
          </TextLine>
          <TextLine ID="d09c5799-bef4-402b-b9f4-509f88c89513" HEIGHT="141" WIDTH="1776" HPOS="175" VPOS="664" STYLEREFS="textstyle-None---sans-serif---proportional---None---None---None">
            <Shape>
              <Polygon POINTS="175,709 241,701 252,691 304,691 346,718 372,695 392,703 431,691 449,695 472,718 503,734 517,734 525,726 536,730 562,706 611,707 633,687 692,701 722,691 747,698 767,687 814,687 850,718 866,722 902,699 918,702 929,691 939,698 960,683 1016,715 1051,709 1061,715 1075,702 1119,697 1130,687 1166,694 1190,710 1220,710 1249,687 1266,691 1285,679 1303,691 1332,675 1339,681 1362,675 1373,683 1397,683 1405,675 1413,683 1432,675 1469,675 1495,691 1529,672 1610,672 1631,691 1638,687 1654,697 1713,667 1762,668 1774,676 1803,675 1826,664 1859,664 1867,671 1893,664 1911,678 1923,667 1937,667 1951,679 1951,727 1906,767 1897,767 1850,728 1831,739 1808,728 1778,728 1743,739 1724,755 1706,743 1687,743 1677,751 1658,732 1637,732 1630,739 1618,732 1585,732 1555,743 1542,732 1527,732 1512,743 1503,739 1479,763 1458,756 1447,763 1434,751 1419,755 1411,747 1383,747 1369,736 1353,736 1323,751 1303,752 1280,771 1262,757 1241,755 1198,783 1150,744 1135,744 1116,752 1093,747 1076,759 1037,752 1018,763 995,751 986,758 971,748 960,755 943,748 922,766 911,756 891,763 880,752 857,759 817,752 779,759 742,790 719,786 707,775 681,783 664,768 654,771 628,756 587,760 544,793 532,783 522,790 498,787 461,763 433,767 420,760 397,767 389,760 373,771 333,764 307,775 281,765 253,791 224,771 201,794 196,790 179,805 175,801"/>
            </Shape>
            <String ID="d09c5799-bef4-402b-b9f4-509f88c89513-dummy-Word" HEIGHT="141" WIDTH="1776" HPOS="175" VPOS="664" CONTENT="Nogsteeds langs dezelfde schoone weg zydende kwamen wy by">
              <Shape>
                <Polygon POINTS="175,709 241,701 252,691 304,691 346,718 372,695 392,703 431,691 449,695 472,718 503,734 517,734 525,726 536,730 562,706 611,707 633,687 692,701 722,691 747,698 767,687 814,687 850,718 866,722 902,699 918,702 929,691 939,698 960,683 1016,715 1051,709 1061,715 1075,702 1119,697 1130,687 1166,694 1190,710 1220,710 1249,687 1266,691 1285,679 1303,691 1332,675 1339,681 1362,675 1373,683 1397,683 1405,675 1413,683 1432,675 1469,675 1495,691 1529,672 1610,672 1631,691 1638,687 1654,697 1713,667 1762,668 1774,676 1803,675 1826,664 1859,664 1867,671 1893,664 1911,678 1923,667 1937,667 1951,679 1951,727 1906,767 1897,767 1850,728 1831,739 1808,728 1778,728 1743,739 1724,755 1706,743 1687,743 1677,751 1658,732 1637,732 1630,739 1618,732 1585,732 1555,743 1542,732 1527,732 1512,743 1503,739 1479,763 1458,756 1447,763 1434,751 1419,755 1411,747 1383,747 1369,736 1353,736 1323,751 1303,752 1280,771 1262,757 1241,755 1198,783 1150,744 1135,744 1116,752 1093,747 1076,759 1037,752 1018,763 995,751 986,758 971,748 960,755 943,748 922,766 911,756 891,763 880,752 857,759 817,752 779,759 742,790 719,786 707,775 681,783 664,768 654,771 628,756 587,760 544,793 532,783 522,790 498,787 461,763 433,767 420,760 397,767 389,760 373,771 333,764 307,775 281,765 253,791 224,771 201,794 196,790 179,805 175,801"/>
              </Shape>
            </String>
          </TextLine>
          <TextLine ID="line_2db6f2db-1e60-4edf-b061-e76f860bafa8" HEIGHT="147" WIDTH="1790" HPOS="172" VPOS="728" STYLEREFS="textstyle-None---sans-serif---proportional---None---None---None">
            <Shape>
              <Polygon POINTS="172,810 194,803 226,771 254,792 279,767 294,763 346,763 374,771 387,762 398,769 418,760 446,767 459,762 502,794 512,788 541,798 589,759 603,762 610,755 669,755 701,786 715,782 733,794 779,759 805,755 816,763 829,751 846,751 876,767 907,758 921,765 953,747 961,755 997,751 1017,762 1032,747 1047,758 1068,759 1089,743 1119,755 1133,743 1188,743 1216,763 1233,747 1244,755 1261,751 1282,770 1301,751 1362,736 1415,750 1434,736 1446,743 1464,736 1497,743 1541,732 1552,743 1562,735 1584,735 1606,750 1636,732 1652,731 1677,751 1685,743 1705,743 1723,755 1767,728 1807,728 1824,739 1849,728 1896,766 1962,744 1962,790 1949,784 1910,795 1895,791 1873,811 1849,796 1806,799 1793,788 1746,820 1730,815 1724,821 1693,810 1630,815 1608,797 1585,803 1561,796 1547,803 1523,796 1497,808 1480,801 1428,804 1403,823 1354,804 1329,807 1321,815 1282,804 1270,811 1257,808 1242,819 1189,811 1172,827 1161,827 1149,815 1135,823 1121,815 1091,815 1079,827 1060,815 1047,823 1035,816 1007,828 996,823 983,835 942,835 929,827 908,831 887,816 861,820 844,835 820,827 804,834 787,823 774,827 753,819 713,829 637,824 621,832 596,824 579,831 569,827 528,859 494,866 466,846 433,847 402,875 348,840 341,847 300,843 281,862 270,854 254,859 226,835 191,859 172,855"/>
            </Shape>
            <String ID="line_2db6f2db-1e60-4edf-b061-e76f860bafa8-dummy-Word" HEIGHT="147" WIDTH="1790" HPOS="172" VPOS="728" CONTENT="de ramelyk groote val die het kleine riviertje de oder, dat een">
              <Shape>
                <Polygon POINTS="172,810 194,803 226,771 254,792 279,767 294,763 346,763 374,771 387,762 398,769 418,760 446,767 459,762 502,794 512,788 541,798 589,759 603,762 610,755 669,755 701,786 715,782 733,794 779,759 805,755 816,763 829,751 846,751 876,767 907,758 921,765 953,747 961,755 997,751 1017,762 1032,747 1047,758 1068,759 1089,743 1119,755 1133,743 1188,743 1216,763 1233,747 1244,755 1261,751 1282,770 1301,751 1362,736 1415,750 1434,736 1446,743 1464,736 1497,743 1541,732 1552,743 1562,735 1584,735 1606,750 1636,732 1652,731 1677,751 1685,743 1705,743 1723,755 1767,728 1807,728 1824,739 1849,728 1896,766 1962,744 1962,790 1949,784 1910,795 1895,791 1873,811 1849,796 1806,799 1793,788 1746,820 1730,815 1724,821 1693,810 1630,815 1608,797 1585,803 1561,796 1547,803 1523,796 1497,808 1480,801 1428,804 1403,823 1354,804 1329,807 1321,815 1282,804 1270,811 1257,808 1242,819 1189,811 1172,827 1161,827 1149,815 1135,823 1121,815 1091,815 1079,827 1060,815 1047,823 1035,816 1007,828 996,823 983,835 942,835 929,827 908,831 887,816 861,820 844,835 820,827 804,834 787,823 774,827 753,819 713,829 637,824 621,832 596,824 579,831 569,827 528,859 494,866 466,846 433,847 402,875 348,840 341,847 300,843 281,862 270,854 254,859 226,835 191,859 172,855"/>
              </Shape>
            </String>
          </TextLine>
          <TextLine ID="ef646fe6-5e22-4ca5-9fc6-604bee81c817" HEIGHT="166" WIDTH="1858" HPOS="172" VPOS="788" STYLEREFS="textstyle-None---sans-serif---proportional---None---None---None">
            <Shape>
              <Polygon POINTS="172,858 191,863 222,836 244,852 267,852 278,860 300,844 320,856 348,840 403,875 434,844 450,852 466,847 490,864 513,863 567,828 578,832 596,824 623,832 679,820 691,828 730,820 774,820 796,828 815,820 881,819 908,832 935,831 955,816 978,816 1003,828 1045,818 1058,828 1075,828 1090,816 1104,820 1163,808 1193,816 1216,809 1241,820 1262,805 1285,804 1318,815 1355,804 1400,820 1431,804 1480,801 1496,808 1548,792 1561,804 1585,793 1619,804 1639,793 1665,816 1702,816 1708,810 1754,816 1789,792 1802,795 1809,788 1833,800 1847,796 1874,812 1905,796 1926,808 1969,796 1991,816 1998,812 2010,820 2030,804 2030,851 1994,870 1981,861 1957,879 1913,851 1898,863 1880,851 1864,861 1856,853 1833,852 1820,860 1812,855 1801,865 1787,859 1755,890 1732,885 1699,859 1679,871 1633,863 1597,894 1587,886 1557,887 1521,863 1505,879 1480,882 1468,871 1443,870 1430,879 1412,867 1384,890 1349,871 1306,913 1260,882 1209,900 1184,890 1171,894 1141,879 1134,886 1076,882 1063,895 1046,894 1035,883 993,883 964,894 926,886 884,917 859,898 814,887 805,894 744,894 700,928 692,921 669,925 629,894 611,910 581,913 565,925 532,909 510,919 493,909 473,913 435,895 426,902 393,899 381,906 364,898 348,902 310,929 292,918 281,929 255,930 233,911 189,954 183,948 172,953"/>
            </Shape>
            <String ID="ef646fe6-5e22-4ca5-9fc6-604bee81c817-dummy-Word" HEIGHT="166" WIDTH="1858" HPOS="172" VPOS="788" CONTENT="loop van 7 uuren heeft, hier formeert wi stapten uit de wagengingen">
              <Shape>
                <Polygon POINTS="172,858 191,863 222,836 244,852 267,852 278,860 300,844 320,856 348,840 403,875 434,844 450,852 466,847 490,864 513,863 567,828 578,832 596,824 623,832 679,820 691,828 730,820 774,820 796,828 815,820 881,819 908,832 935,831 955,816 978,816 1003,828 1045,818 1058,828 1075,828 1090,816 1104,820 1163,808 1193,816 1216,809 1241,820 1262,805 1285,804 1318,815 1355,804 1400,820 1431,804 1480,801 1496,808 1548,792 1561,804 1585,793 1619,804 1639,793 1665,816 1702,816 1708,810 1754,816 1789,792 1802,795 1809,788 1833,800 1847,796 1874,812 1905,796 1926,808 1969,796 1991,816 1998,812 2010,820 2030,804 2030,851 1994,870 1981,861 1957,879 1913,851 1898,863 1880,851 1864,861 1856,853 1833,852 1820,860 1812,855 1801,865 1787,859 1755,890 1732,885 1699,859 1679,871 1633,863 1597,894 1587,886 1557,887 1521,863 1505,879 1480,882 1468,871 1443,870 1430,879 1412,867 1384,890 1349,871 1306,913 1260,882 1209,900 1184,890 1171,894 1141,879 1134,886 1076,882 1063,895 1046,894 1035,883 993,883 964,894 926,886 884,917 859,898 814,887 805,894 744,894 700,928 692,921 669,925 629,894 611,910 581,913 565,925 532,909 510,919 493,909 473,913 435,895 426,902 393,899 381,906 364,898 348,902 310,929 292,918 281,929 255,930 233,911 189,954 183,948 172,953"/>
              </Shape>
            </String>
          </TextLine>
          <TextLine ID="line_4a181aa4-1378-4355-8e71-de387ad4ca58" HEIGHT="149" WIDTH="1858" HPOS="181" VPOS="850" STYLEREFS="textstyle-None---sans-serif---proportional---None---None---None">
            <Shape>
              <Polygon POINTS="181,900 187,894 195,902 227,904 252,929 271,925 279,931 293,917 303,926 312,917 326,918 342,902 365,898 381,906 402,898 410,905 444,894 475,913 547,914 554,921 561,914 610,910 633,890 644,890 679,925 697,930 746,890 761,897 810,886 835,894 847,889 885,917 920,886 941,882 967,882 975,890 992,882 1034,882 1054,896 1076,881 1089,887 1098,878 1119,885 1152,878 1189,900 1261,881 1305,913 1350,870 1385,886 1412,866 1466,870 1480,881 1534,873 1565,893 1584,885 1598,893 1634,862 1661,870 1670,865 1678,873 1693,858 1732,885 1748,880 1757,888 1797,854 1820,860 1836,850 1850,850 1877,874 1890,866 1906,878 1925,866 1942,881 1963,877 1981,861 1992,869 2002,863 2039,872 2039,918 2032,910 1963,943 1919,917 1858,928 1846,921 1802,921 1766,935 1754,924 1722,925 1711,936 1679,944 1661,932 1644,948 1637,944 1629,951 1603,928 1577,937 1548,929 1513,963 1481,952 1469,940 1440,936 1426,939 1398,964 1386,960 1368,976 1337,975 1300,952 1275,951 1265,958 1254,948 1206,991 1183,976 1150,987 1115,952 1085,955 1057,971 1022,952 990,952 979,963 966,959 952,967 944,960 930,966 910,952 890,952 877,964 857,956 846,967 831,968 821,960 803,968 758,956 740,967 726,960 713,968 626,960 601,975 546,963 535,971 521,968 497,991 476,983 450,987 435,972 401,964 371,976 315,964 276,987 258,975 225,975 195,999 181,997"/>
            </Shape>
            <String ID="line_4a181aa4-1378-4355-8e71-de387ad4ca58-dummy-Word" HEIGHT="149" WIDTH="1858" HPOS="181" VPOS="850" CONTENT="derwaarts en vonden onze moeste rykelijk beloont, Kort daarna">
              <Shape>
                <Polygon POINTS="181,900 187,894 195,902 227,904 252,929 271,925 279,931 293,917 303,926 312,917 326,918 342,902 365,898 381,906 402,898 410,905 444,894 475,913 547,914 554,921 561,914 610,910 633,890 644,890 679,925 697,930 746,890 761,897 810,886 835,894 847,889 885,917 920,886 941,882 967,882 975,890 992,882 1034,882 1054,896 1076,881 1089,887 1098,878 1119,885 1152,878 1189,900 1261,881 1305,913 1350,870 1385,886 1412,866 1466,870 1480,881 1534,873 1565,893 1584,885 1598,893 1634,862 1661,870 1670,865 1678,873 1693,858 1732,885 1748,880 1757,888 1797,854 1820,860 1836,850 1850,850 1877,874 1890,866 1906,878 1925,866 1942,881 1963,877 1981,861 1992,869 2002,863 2039,872 2039,918 2032,910 1963,943 1919,917 1858,928 1846,921 1802,921 1766,935 1754,924 1722,925 1711,936 1679,944 1661,932 1644,948 1637,944 1629,951 1603,928 1577,937 1548,929 1513,963 1481,952 1469,940 1440,936 1426,939 1398,964 1386,960 1368,976 1337,975 1300,952 1275,951 1265,958 1254,948 1206,991 1183,976 1150,987 1115,952 1085,955 1057,971 1022,952 990,952 979,963 966,959 952,967 944,960 930,966 910,952 890,952 877,964 857,956 846,967 831,968 821,960 803,968 758,956 740,967 726,960 713,968 626,960 601,975 546,963 535,971 521,968 497,991 476,983 450,987 435,972 401,964 371,976 315,964 276,987 258,975 225,975 195,999 181,997"/>
              </Shape>
            </String>
          </TextLine>
          <TextLine ID="f44097fd-2b31-40eb-8541-407764093d70" HEIGHT="144" WIDTH="1776" HPOS="190" VPOS="919" STYLEREFS="textstyle-None---sans-serif---proportional---None---None---None">
            <Shape>
              <Polygon POINTS="190,952 204,966 221,966 235,978 280,974 288,966 296,974 312,966 351,966 394,990 427,967 454,986 476,982 489,990 519,970 529,976 546,962 567,978 604,974 637,958 651,958 663,970 697,958 711,967 726,961 739,968 753,958 771,966 789,958 841,973 857,958 877,962 887,954 957,966 971,956 981,962 994,950 1012,957 1027,950 1053,970 1074,966 1086,954 1103,954 1118,956 1151,986 1183,974 1207,990 1250,950 1277,963 1291,958 1302,966 1322,958 1338,974 1370,974 1441,935 1469,942 1488,958 1514,958 1547,931 1572,930 1610,950 1663,930 1677,942 1691,942 1732,923 1805,930 1824,919 1849,926 1860,919 1919,919 1926,926 1936,921 1961,942 1966,937 1966,984 1958,989 1909,982 1847,1005 1815,986 1777,986 1742,1001 1729,997 1690,1025 1639,993 1625,1000 1616,993 1592,1015 1551,1031 1503,997 1482,998 1434,1036 1417,1035 1401,1020 1379,1020 1370,1011 1320,1032 1269,1015 1201,1032 1181,1013 1166,1011 1127,1047 1100,1027 1073,1039 998,1022 975,1030 970,1025 946,1040 919,1036 896,1055 875,1055 837,1028 821,1038 809,1036 790,1051 747,1055 721,1039 709,1044 700,1036 672,1036 657,1025 643,1032 619,1025 608,1036 575,1037 564,1029 498,1029 459,1063 421,1029 397,1029 390,1036 363,1032 334,1048 308,1044 299,1035 263,1050 213,1036 197,1048 190,1044"/>
            </Shape>
            <String ID="f44097fd-2b31-40eb-8541-407764093d70-dummy-Word" HEIGHT="144" WIDTH="1776" HPOS="190" VPOS="919" CONTENT="berakten wy den Oderteich (zie N o) zynde eene groote hoeveelheid">
              <Shape>
                <Polygon POINTS="190,952 204,966 221,966 235,978 280,974 288,966 296,974 312,966 351,966 394,990 427,967 454,986 476,982 489,990 519,970 529,976 546,962 567,978 604,974 637,958 651,958 663,970 697,958 711,967 726,961 739,968 753,958 771,966 789,958 841,973 857,958 877,962 887,954 957,966 971,956 981,962 994,950 1012,957 1027,950 1053,970 1074,966 1086,954 1103,954 1118,956 1151,986 1183,974 1207,990 1250,950 1277,963 1291,958 1302,966 1322,958 1338,974 1370,974 1441,935 1469,942 1488,958 1514,958 1547,931 1572,930 1610,950 1663,930 1677,942 1691,942 1732,923 1805,930 1824,919 1849,926 1860,919 1919,919 1926,926 1936,921 1961,942 1966,937 1966,984 1958,989 1909,982 1847,1005 1815,986 1777,986 1742,1001 1729,997 1690,1025 1639,993 1625,1000 1616,993 1592,1015 1551,1031 1503,997 1482,998 1434,1036 1417,1035 1401,1020 1379,1020 1370,1011 1320,1032 1269,1015 1201,1032 1181,1013 1166,1011 1127,1047 1100,1027 1073,1039 998,1022 975,1030 970,1025 946,1040 919,1036 896,1055 875,1055 837,1028 821,1038 809,1036 790,1051 747,1055 721,1039 709,1044 700,1036 672,1036 657,1025 643,1032 619,1025 608,1036 575,1037 564,1029 498,1029 459,1063 421,1029 397,1029 390,1036 363,1032 334,1048 308,1044 299,1035 263,1050 213,1036 197,1048 190,1044"/>
              </Shape>
            </String>
          </TextLine>
          <TextLine ID="line_998300bd-084c-41d9-8be8-8878af99bbc3" HEIGHT="142" WIDTH="1834" HPOS="187" VPOS="981" STYLEREFS="textstyle-None---sans-serif---proportional---None---None---None">
            <Shape>
              <Polygon POINTS="187,1023 200,1020 244,1061 288,1037 328,1049 355,1042 369,1030 425,1030 461,1059 500,1026 572,1029 581,1038 625,1026 663,1041 678,1033 693,1040 724,1037 747,1053 778,1053 805,1030 819,1038 839,1027 872,1056 973,1022 986,1029 999,1022 1027,1044 1045,1034 1068,1037 1076,1030 1092,1037 1099,1030 1128,1046 1144,1030 1160,1034 1179,1019 1200,1031 1218,1030 1258,1013 1320,1034 1332,1033 1350,1017 1384,1017 1429,1037 1480,998 1503,998 1526,1017 1555,1021 1563,1029 1600,1022 1636,993 1660,1001 1672,990 1689,990 1713,1010 1727,997 1740,1001 1775,986 1821,989 1830,998 1878,998 1908,982 1950,990 1960,981 1977,981 2004,1005 2017,995 2021,999 2021,1046 1999,1052 1945,1045 1899,1068 1871,1060 1847,1072 1837,1064 1804,1070 1788,1060 1764,1069 1732,1064 1710,1072 1670,1057 1631,1076 1609,1072 1572,1099 1543,1085 1537,1091 1516,1085 1494,1103 1463,1092 1450,1096 1437,1084 1387,1091 1362,1075 1348,1080 1334,1072 1308,1079 1258,1072 1243,1082 1231,1076 1181,1088 1171,1081 1156,1092 1138,1076 1125,1076 1110,1091 1071,1080 1064,1087 1021,1084 1013,1091 965,1080 950,1091 930,1084 917,1088 877,1115 855,1099 801,1092 791,1084 780,1092 764,1088 742,1107 701,1089 643,1111 614,1099 596,1111 584,1104 566,1119 537,1115 522,1100 495,1119 478,1119 470,1111 453,1119 427,1099 360,1115 314,1100 296,1112 268,1100 233,1101 210,1123 194,1112 187,1115"/>
            </Shape>
            <String ID="line_998300bd-084c-41d9-8be8-8878af99bbc3-dummy-Word" HEIGHT="142" WIDTH="1834" HPOS="187" VPOS="981" CONTENT="waters 't welk aldaar door den Oderdam wordt opgehouden &amp; ook">
              <Shape>
                <Polygon POINTS="187,1023 200,1020 244,1061 288,1037 328,1049 355,1042 369,1030 425,1030 461,1059 500,1026 572,1029 581,1038 625,1026 663,1041 678,1033 693,1040 724,1037 747,1053 778,1053 805,1030 819,1038 839,1027 872,1056 973,1022 986,1029 999,1022 1027,1044 1045,1034 1068,1037 1076,1030 1092,1037 1099,1030 1128,1046 1144,1030 1160,1034 1179,1019 1200,1031 1218,1030 1258,1013 1320,1034 1332,1033 1350,1017 1384,1017 1429,1037 1480,998 1503,998 1526,1017 1555,1021 1563,1029 1600,1022 1636,993 1660,1001 1672,990 1689,990 1713,1010 1727,997 1740,1001 1775,986 1821,989 1830,998 1878,998 1908,982 1950,990 1960,981 1977,981 2004,1005 2017,995 2021,999 2021,1046 1999,1052 1945,1045 1899,1068 1871,1060 1847,1072 1837,1064 1804,1070 1788,1060 1764,1069 1732,1064 1710,1072 1670,1057 1631,1076 1609,1072 1572,1099 1543,1085 1537,1091 1516,1085 1494,1103 1463,1092 1450,1096 1437,1084 1387,1091 1362,1075 1348,1080 1334,1072 1308,1079 1258,1072 1243,1082 1231,1076 1181,1088 1171,1081 1156,1092 1138,1076 1125,1076 1110,1091 1071,1080 1064,1087 1021,1084 1013,1091 965,1080 950,1091 930,1084 917,1088 877,1115 855,1099 801,1092 791,1084 780,1092 764,1088 742,1107 701,1089 643,1111 614,1099 596,1111 584,1104 566,1119 537,1115 522,1100 495,1119 478,1119 470,1111 453,1119 427,1099 360,1115 314,1100 296,1112 268,1100 233,1101 210,1123 194,1112 187,1115"/>
              </Shape>
            </String>
          </TextLine>
          <TextLine ID="line_6bd84627-d3ac-4d40-b277-7f54f4d45236" HEIGHT="162" WIDTH="1824" HPOS="186" VPOS="1046" STYLEREFS="textstyle-None---sans-serif---proportional---None---None---None">
            <Shape>
              <Polygon POINTS="186,1108 209,1124 232,1101 267,1100 293,1113 316,1100 361,1112 401,1104 423,1124 434,1116 455,1121 467,1112 500,1132 607,1093 644,1092 667,1105 699,1089 715,1100 745,1085 767,1085 786,1101 808,1101 826,1085 843,1085 861,1101 879,1101 889,1110 923,1085 941,1093 974,1084 1043,1085 1067,1108 1095,1093 1130,1112 1179,1073 1197,1081 1231,1076 1243,1084 1256,1073 1277,1077 1289,1070 1311,1077 1327,1070 1347,1081 1360,1073 1400,1092 1419,1093 1436,1084 1453,1097 1467,1089 1497,1101 1521,1084 1579,1100 1656,1061 1692,1061 1727,1081 1778,1061 1823,1069 1847,1058 1892,1070 1957,1046 1988,1069 2002,1061 2010,1068 2010,1116 1996,1125 1972,1132 1958,1121 1920,1125 1912,1118 1890,1126 1859,1118 1842,1133 1813,1135 1800,1126 1780,1126 1755,1134 1713,1165 1686,1142 1677,1150 1666,1146 1646,1165 1614,1165 1579,1137 1555,1141 1540,1130 1518,1133 1501,1145 1477,1137 1449,1154 1422,1138 1407,1153 1394,1150 1366,1171 1355,1165 1347,1173 1318,1157 1264,1154 1202,1174 1186,1189 1160,1189 1137,1177 1106,1180 1086,1171 1066,1181 1057,1173 1021,1169 998,1150 967,1150 959,1157 921,1152 906,1162 893,1154 880,1165 858,1158 817,1189 804,1189 774,1165 766,1173 699,1181 669,1158 638,1158 631,1165 603,1165 589,1177 568,1169 524,1196 510,1184 458,1192 428,1185 384,1208 328,1165 304,1171 264,1165 204,1189 186,1205"/>
            </Shape>
            <String ID="line_6bd84627-d3ac-4d40-b277-7f54f4d45236-dummy-Word" HEIGHT="162" WIDTH="1824" HPOS="186" VPOS="1046" CONTENT="tot de mijnen gebruikt. Aan de eene zyde was eene diepte van bo">
              <Shape>
                <Polygon POINTS="186,1108 209,1124 232,1101 267,1100 293,1113 316,1100 361,1112 401,1104 423,1124 434,1116 455,1121 467,1112 500,1132 607,1093 644,1092 667,1105 699,1089 715,1100 745,1085 767,1085 786,1101 808,1101 826,1085 843,1085 861,1101 879,1101 889,1110 923,1085 941,1093 974,1084 1043,1085 1067,1108 1095,1093 1130,1112 1179,1073 1197,1081 1231,1076 1243,1084 1256,1073 1277,1077 1289,1070 1311,1077 1327,1070 1347,1081 1360,1073 1400,1092 1419,1093 1436,1084 1453,1097 1467,1089 1497,1101 1521,1084 1579,1100 1656,1061 1692,1061 1727,1081 1778,1061 1823,1069 1847,1058 1892,1070 1957,1046 1988,1069 2002,1061 2010,1068 2010,1116 1996,1125 1972,1132 1958,1121 1920,1125 1912,1118 1890,1126 1859,1118 1842,1133 1813,1135 1800,1126 1780,1126 1755,1134 1713,1165 1686,1142 1677,1150 1666,1146 1646,1165 1614,1165 1579,1137 1555,1141 1540,1130 1518,1133 1501,1145 1477,1137 1449,1154 1422,1138 1407,1153 1394,1150 1366,1171 1355,1165 1347,1173 1318,1157 1264,1154 1202,1174 1186,1189 1160,1189 1137,1177 1106,1180 1086,1171 1066,1181 1057,1173 1021,1169 998,1150 967,1150 959,1157 921,1152 906,1162 893,1154 880,1165 858,1158 817,1189 804,1189 774,1165 766,1173 699,1181 669,1158 638,1158 631,1165 603,1165 589,1177 568,1169 524,1196 510,1184 458,1192 428,1185 384,1208 328,1165 304,1171 264,1165 204,1189 186,1205"/>
              </Shape>
            </String>
          </TextLine>
          <TextLine ID="e05aac84-a622-4c30-a065-83da2643b21c" HEIGHT="160" WIDTH="1820" HPOS="177" VPOS="1117" STYLEREFS="textstyle-None---sans-serif---proportional---None---None---None">
            <Shape>
              <Polygon POINTS="177,1212 203,1189 219,1189 235,1173 255,1173 263,1165 294,1165 302,1172 328,1165 384,1208 428,1185 457,1192 481,1181 489,1188 509,1183 525,1196 569,1165 590,1176 602,1165 623,1168 637,1157 670,1157 697,1180 722,1177 737,1164 757,1176 775,1165 803,1188 815,1189 861,1157 879,1164 902,1149 950,1156 998,1149 1026,1172 1070,1180 1119,1148 1161,1188 1185,1189 1201,1173 1241,1166 1256,1153 1296,1152 1318,1172 1333,1175 1348,1173 1374,1153 1407,1152 1420,1140 1442,1149 1452,1140 1495,1141 1514,1129 1528,1136 1538,1129 1552,1143 1579,1136 1616,1165 1645,1164 1665,1145 1676,1149 1685,1141 1718,1165 1753,1133 1828,1117 1889,1125 1911,1117 1920,1124 1958,1120 1991,1145 1997,1139 1996,1187 1940,1184 1933,1191 1913,1191 1881,1215 1843,1211 1826,1223 1761,1223 1724,1192 1705,1192 1692,1204 1672,1211 1661,1207 1653,1215 1588,1196 1572,1196 1553,1215 1498,1199 1457,1200 1436,1219 1409,1204 1384,1204 1371,1215 1336,1214 1316,1225 1281,1214 1269,1222 1232,1220 1215,1230 1181,1226 1160,1215 1124,1237 1100,1215 1069,1223 1054,1219 1029,1235 1016,1230 1005,1238 967,1219 907,1242 883,1231 866,1243 806,1242 788,1227 706,1266 680,1243 646,1254 612,1248 598,1238 580,1254 567,1250 550,1259 502,1244 494,1251 446,1247 430,1259 396,1235 345,1277 313,1266 272,1235 242,1255 219,1255 208,1266 193,1254 177,1255"/>
            </Shape>
            <String ID="e05aac84-a622-4c30-a065-83da2643b21c-dummy-Word" HEIGHT="160" WIDTH="1820" HPOS="177" VPOS="1117" CONTENT="voeten waarin de grootvader van onzen voerman met paard">
              <Shape>
                <Polygon POINTS="177,1212 203,1189 219,1189 235,1173 255,1173 263,1165 294,1165 302,1172 328,1165 384,1208 428,1185 457,1192 481,1181 489,1188 509,1183 525,1196 569,1165 590,1176 602,1165 623,1168 637,1157 670,1157 697,1180 722,1177 737,1164 757,1176 775,1165 803,1188 815,1189 861,1157 879,1164 902,1149 950,1156 998,1149 1026,1172 1070,1180 1119,1148 1161,1188 1185,1189 1201,1173 1241,1166 1256,1153 1296,1152 1318,1172 1333,1175 1348,1173 1374,1153 1407,1152 1420,1140 1442,1149 1452,1140 1495,1141 1514,1129 1528,1136 1538,1129 1552,1143 1579,1136 1616,1165 1645,1164 1665,1145 1676,1149 1685,1141 1718,1165 1753,1133 1828,1117 1889,1125 1911,1117 1920,1124 1958,1120 1991,1145 1997,1139 1996,1187 1940,1184 1933,1191 1913,1191 1881,1215 1843,1211 1826,1223 1761,1223 1724,1192 1705,1192 1692,1204 1672,1211 1661,1207 1653,1215 1588,1196 1572,1196 1553,1215 1498,1199 1457,1200 1436,1219 1409,1204 1384,1204 1371,1215 1336,1214 1316,1225 1281,1214 1269,1222 1232,1220 1215,1230 1181,1226 1160,1215 1124,1237 1100,1215 1069,1223 1054,1219 1029,1235 1016,1230 1005,1238 967,1219 907,1242 883,1231 866,1243 806,1242 788,1227 706,1266 680,1243 646,1254 612,1248 598,1238 580,1254 567,1250 550,1259 502,1244 494,1251 446,1247 430,1259 396,1235 345,1277 313,1266 272,1235 242,1255 219,1255 208,1266 193,1254 177,1255"/>
              </Shape>
            </String>
          </TextLine>
          <TextLine ID="line_61aaa34d-7e36-4385-88b6-8f4256f44549" HEIGHT="156" WIDTH="1858" HPOS="177" VPOS="1192" STYLEREFS="textstyle-None---sans-serif---proportional---None---None---None">
            <Shape>
              <Polygon POINTS="177,1271 212,1263 231,1244 249,1252 266,1236 302,1262 338,1275 349,1275 376,1251 402,1263 415,1251 433,1259 449,1247 475,1247 489,1256 501,1247 529,1247 546,1263 558,1251 579,1255 598,1238 607,1247 628,1250 637,1244 660,1251 671,1244 699,1263 718,1264 790,1227 806,1242 826,1239 841,1247 849,1239 866,1243 881,1232 908,1243 965,1220 998,1236 1030,1236 1051,1223 1115,1247 1173,1212 1189,1213 1211,1228 1221,1221 1240,1227 1318,1207 1334,1215 1348,1204 1359,1215 1371,1204 1385,1204 1398,1213 1410,1207 1421,1217 1469,1200 1505,1216 1537,1196 1557,1204 1575,1196 1583,1204 1602,1199 1630,1207 1646,1196 1657,1207 1677,1208 1697,1199 1711,1204 1727,1192 1757,1207 1770,1198 1798,1221 1809,1212 1914,1212 1945,1195 1965,1193 2014,1223 2035,1215 2035,1261 2026,1255 2006,1268 1983,1267 1970,1276 1962,1271 1950,1280 1938,1272 1930,1279 1918,1276 1898,1295 1884,1288 1862,1291 1831,1268 1793,1300 1778,1293 1769,1299 1749,1282 1717,1300 1683,1300 1611,1268 1598,1268 1574,1288 1531,1268 1519,1279 1507,1272 1495,1283 1477,1279 1469,1287 1445,1272 1406,1276 1373,1303 1358,1296 1349,1304 1314,1280 1307,1287 1287,1280 1242,1312 1214,1299 1202,1299 1188,1312 1169,1312 1127,1288 1096,1288 1089,1295 1076,1288 1017,1294 991,1288 980,1299 959,1288 944,1299 922,1292 907,1304 886,1292 864,1304 855,1300 839,1315 784,1316 761,1332 726,1330 700,1312 688,1320 665,1308 628,1307 565,1327 514,1304 482,1324 434,1311 396,1316 378,1331 362,1328 350,1340 324,1348 287,1312 261,1312 249,1324 239,1316 230,1324 207,1316 195,1328 177,1320"/>
            </Shape>
            <String ID="line_61aaa34d-7e36-4385-88b6-8f4256f44549-dummy-Word" HEIGHT="156" WIDTH="1858" HPOS="177" VPOS="1192" CONTENT="en wagen was nedergestort waarvan hy als door een wonder">
              <Shape>
                <Polygon POINTS="177,1271 212,1263 231,1244 249,1252 266,1236 302,1262 338,1275 349,1275 376,1251 402,1263 415,1251 433,1259 449,1247 475,1247 489,1256 501,1247 529,1247 546,1263 558,1251 579,1255 598,1238 607,1247 628,1250 637,1244 660,1251 671,1244 699,1263 718,1264 790,1227 806,1242 826,1239 841,1247 849,1239 866,1243 881,1232 908,1243 965,1220 998,1236 1030,1236 1051,1223 1115,1247 1173,1212 1189,1213 1211,1228 1221,1221 1240,1227 1318,1207 1334,1215 1348,1204 1359,1215 1371,1204 1385,1204 1398,1213 1410,1207 1421,1217 1469,1200 1505,1216 1537,1196 1557,1204 1575,1196 1583,1204 1602,1199 1630,1207 1646,1196 1657,1207 1677,1208 1697,1199 1711,1204 1727,1192 1757,1207 1770,1198 1798,1221 1809,1212 1914,1212 1945,1195 1965,1193 2014,1223 2035,1215 2035,1261 2026,1255 2006,1268 1983,1267 1970,1276 1962,1271 1950,1280 1938,1272 1930,1279 1918,1276 1898,1295 1884,1288 1862,1291 1831,1268 1793,1300 1778,1293 1769,1299 1749,1282 1717,1300 1683,1300 1611,1268 1598,1268 1574,1288 1531,1268 1519,1279 1507,1272 1495,1283 1477,1279 1469,1287 1445,1272 1406,1276 1373,1303 1358,1296 1349,1304 1314,1280 1307,1287 1287,1280 1242,1312 1214,1299 1202,1299 1188,1312 1169,1312 1127,1288 1096,1288 1089,1295 1076,1288 1017,1294 991,1288 980,1299 959,1288 944,1299 922,1292 907,1304 886,1292 864,1304 855,1300 839,1315 784,1316 761,1332 726,1330 700,1312 688,1320 665,1308 628,1307 565,1327 514,1304 482,1324 434,1311 396,1316 378,1331 362,1328 350,1340 324,1348 287,1312 261,1312 249,1324 239,1316 230,1324 207,1316 195,1328 177,1320"/>
              </Shape>
            </String>
          </TextLine>
          <TextLine ID="line_63042f80-13ac-4c83-a7ae-2c64b7e4c3c4" HEIGHT="188" WIDTH="1796" HPOS="174" VPOS="1261" STYLEREFS="textstyle-None---sans-serif---proportional---None---None---None">
            <Shape>
              <Polygon POINTS="174,1327 179,1322 195,1328 208,1316 230,1324 244,1312 287,1312 324,1348 333,1348 363,1328 379,1331 423,1312 482,1324 516,1304 529,1316 557,1311 578,1324 604,1304 625,1308 633,1300 653,1300 710,1340 729,1328 759,1332 785,1316 838,1316 855,1300 864,1304 887,1292 907,1304 922,1292 944,1300 959,1289 979,1300 991,1289 1076,1289 1094,1299 1110,1288 1126,1288 1157,1308 1182,1313 1200,1300 1224,1300 1242,1312 1278,1285 1294,1296 1314,1281 1349,1304 1374,1288 1381,1295 1427,1273 1448,1280 1473,1273 1495,1284 1518,1269 1538,1269 1570,1288 1598,1269 1620,1265 1639,1280 1653,1268 1665,1280 1695,1276 1720,1288 1752,1276 1769,1287 1801,1261 1826,1264 1861,1292 1884,1288 1898,1295 1917,1277 1928,1280 1936,1272 1945,1280 1961,1273 1970,1282 1970,1330 1945,1355 1925,1355 1910,1366 1874,1366 1852,1351 1840,1359 1811,1352 1801,1362 1773,1355 1757,1369 1729,1358 1697,1382 1662,1347 1645,1347 1625,1359 1609,1343 1594,1340 1576,1347 1568,1340 1526,1340 1468,1367 1426,1355 1410,1366 1385,1366 1326,1347 1296,1362 1279,1351 1253,1351 1223,1378 1210,1372 1198,1378 1161,1355 1137,1355 1080,1393 1043,1382 1022,1390 999,1374 970,1378 962,1386 942,1375 925,1386 910,1374 897,1374 870,1386 859,1379 827,1410 815,1409 787,1386 774,1386 754,1400 741,1393 722,1405 708,1394 671,1393 656,1378 636,1378 591,1406 556,1398 524,1421 508,1417 490,1426 474,1419 443,1421 412,1390 336,1386 314,1398 257,1398 174,1449"/>
            </Shape>
            <String ID="line_63042f80-13ac-4c83-a7ae-2c64b7e4c3c4-dummy-Word" HEIGHT="188" WIDTH="1796" HPOS="174" VPOS="1261" CONTENT="goed was afgekomen zynde de paarden en de wagen ver¬">
              <Shape>
                <Polygon POINTS="174,1327 179,1322 195,1328 208,1316 230,1324 244,1312 287,1312 324,1348 333,1348 363,1328 379,1331 423,1312 482,1324 516,1304 529,1316 557,1311 578,1324 604,1304 625,1308 633,1300 653,1300 710,1340 729,1328 759,1332 785,1316 838,1316 855,1300 864,1304 887,1292 907,1304 922,1292 944,1300 959,1289 979,1300 991,1289 1076,1289 1094,1299 1110,1288 1126,1288 1157,1308 1182,1313 1200,1300 1224,1300 1242,1312 1278,1285 1294,1296 1314,1281 1349,1304 1374,1288 1381,1295 1427,1273 1448,1280 1473,1273 1495,1284 1518,1269 1538,1269 1570,1288 1598,1269 1620,1265 1639,1280 1653,1268 1665,1280 1695,1276 1720,1288 1752,1276 1769,1287 1801,1261 1826,1264 1861,1292 1884,1288 1898,1295 1917,1277 1928,1280 1936,1272 1945,1280 1961,1273 1970,1282 1970,1330 1945,1355 1925,1355 1910,1366 1874,1366 1852,1351 1840,1359 1811,1352 1801,1362 1773,1355 1757,1369 1729,1358 1697,1382 1662,1347 1645,1347 1625,1359 1609,1343 1594,1340 1576,1347 1568,1340 1526,1340 1468,1367 1426,1355 1410,1366 1385,1366 1326,1347 1296,1362 1279,1351 1253,1351 1223,1378 1210,1372 1198,1378 1161,1355 1137,1355 1080,1393 1043,1382 1022,1390 999,1374 970,1378 962,1386 942,1375 925,1386 910,1374 897,1374 870,1386 859,1379 827,1410 815,1409 787,1386 774,1386 754,1400 741,1393 722,1405 708,1394 671,1393 656,1378 636,1378 591,1406 556,1398 524,1421 508,1417 490,1426 474,1419 443,1421 412,1390 336,1386 314,1398 257,1398 174,1449"/>
              </Shape>
            </String>
          </TextLine>
          <TextLine ID="line_80040540-5e5e-41fe-947c-769b3c2fe4f2" HEIGHT="161" WIDTH="1789" HPOS="182" VPOS="1337" STYLEREFS="textstyle-None---sans-serif---proportional---None---None---None">
            <Shape>
              <Polygon POINTS="182,1448 201,1445 258,1397 315,1397 343,1385 412,1389 443,1420 474,1418 492,1425 509,1416 524,1420 578,1381 595,1389 643,1375 682,1404 722,1388 738,1388 754,1400 774,1385 794,1388 816,1409 827,1409 855,1381 878,1383 896,1373 935,1368 969,1392 999,1373 1021,1389 1039,1380 1070,1391 1088,1389 1132,1360 1186,1381 1218,1353 1252,1357 1263,1349 1289,1357 1338,1349 1388,1365 1451,1356 1467,1368 1505,1341 1521,1341 1539,1357 1549,1347 1567,1348 1585,1337 1618,1349 1633,1340 1641,1348 1664,1348 1698,1380 1726,1357 1741,1357 1757,1341 1779,1337 1814,1357 1914,1352 1945,1372 1971,1356 1971,1402 1949,1408 1922,1433 1906,1438 1874,1407 1857,1403 1822,1435 1798,1423 1772,1446 1734,1458 1685,1419 1633,1435 1598,1455 1533,1416 1515,1416 1503,1427 1463,1427 1453,1420 1349,1423 1322,1438 1296,1435 1270,1451 1246,1454 1211,1454 1192,1435 1158,1447 1133,1434 1120,1435 1104,1451 1058,1442 1034,1456 1011,1443 978,1458 943,1435 919,1455 906,1451 894,1463 852,1478 833,1478 778,1443 743,1453 737,1447 707,1450 659,1466 613,1447 589,1447 545,1463 523,1462 515,1454 479,1472 465,1463 422,1470 410,1458 363,1461 347,1471 313,1459 270,1459 263,1466 256,1459 208,1498 200,1490 182,1494"/>
            </Shape>
            <String ID="line_80040540-5e5e-41fe-947c-769b3c2fe4f2-dummy-Word" HEIGHT="161" WIDTH="1789" HPOS="182" VPOS="1337" CONTENT="pletterd geworden: even voor deeze plaats hadden wij nog">
              <Shape>
                <Polygon POINTS="182,1448 201,1445 258,1397 315,1397 343,1385 412,1389 443,1420 474,1418 492,1425 509,1416 524,1420 578,1381 595,1389 643,1375 682,1404 722,1388 738,1388 754,1400 774,1385 794,1388 816,1409 827,1409 855,1381 878,1383 896,1373 935,1368 969,1392 999,1373 1021,1389 1039,1380 1070,1391 1088,1389 1132,1360 1186,1381 1218,1353 1252,1357 1263,1349 1289,1357 1338,1349 1388,1365 1451,1356 1467,1368 1505,1341 1521,1341 1539,1357 1549,1347 1567,1348 1585,1337 1618,1349 1633,1340 1641,1348 1664,1348 1698,1380 1726,1357 1741,1357 1757,1341 1779,1337 1814,1357 1914,1352 1945,1372 1971,1356 1971,1402 1949,1408 1922,1433 1906,1438 1874,1407 1857,1403 1822,1435 1798,1423 1772,1446 1734,1458 1685,1419 1633,1435 1598,1455 1533,1416 1515,1416 1503,1427 1463,1427 1453,1420 1349,1423 1322,1438 1296,1435 1270,1451 1246,1454 1211,1454 1192,1435 1158,1447 1133,1434 1120,1435 1104,1451 1058,1442 1034,1456 1011,1443 978,1458 943,1435 919,1455 906,1451 894,1463 852,1478 833,1478 778,1443 743,1453 737,1447 707,1450 659,1466 613,1447 589,1447 545,1463 523,1462 515,1454 479,1472 465,1463 422,1470 410,1458 363,1461 347,1471 313,1459 270,1459 263,1466 256,1459 208,1498 200,1490 182,1494"/>
              </Shape>
            </String>
          </TextLine>
          <TextLine ID="line_938c6560-4dda-4427-b3b8-f5ff00d1aa4e" HEIGHT="159" WIDTH="1865" HPOS="169" VPOS="1399" STYLEREFS="textstyle-None---sans-serif---proportional---None---None---None">
            <Shape>
              <Polygon POINTS="169,1498 203,1491 209,1496 247,1460 267,1467 278,1460 310,1467 330,1460 358,1471 373,1459 414,1492 442,1464 465,1475 483,1459 515,1455 543,1463 562,1451 598,1465 640,1448 688,1455 716,1444 749,1452 778,1444 815,1463 858,1452 875,1455 890,1444 922,1452 941,1441 969,1444 991,1436 1002,1447 1029,1440 1052,1456 1061,1448 1090,1456 1123,1435 1135,1435 1150,1444 1194,1436 1210,1451 1265,1455 1302,1432 1326,1436 1350,1424 1376,1427 1391,1420 1426,1428 1452,1420 1466,1431 1492,1430 1514,1416 1533,1416 1556,1438 1568,1435 1582,1444 1608,1421 1646,1423 1661,1408 1723,1420 1760,1448 1799,1423 1831,1425 1857,1400 1905,1436 1927,1428 1957,1399 1985,1423 2012,1410 2034,1429 2034,1476 2021,1471 1996,1486 1974,1479 1957,1494 1904,1494 1871,1517 1852,1517 1801,1485 1773,1495 1753,1486 1717,1494 1704,1483 1686,1483 1657,1495 1646,1487 1606,1487 1598,1494 1589,1487 1558,1487 1518,1521 1481,1514 1464,1522 1448,1507 1437,1507 1409,1526 1390,1525 1346,1502 1284,1513 1263,1495 1228,1510 1198,1498 1170,1509 1153,1506 1135,1521 1126,1517 1106,1526 1064,1516 1054,1526 1038,1519 1025,1525 1009,1514 982,1526 934,1522 912,1541 895,1541 876,1554 854,1549 837,1533 818,1537 800,1522 782,1530 740,1530 727,1518 666,1518 622,1541 610,1541 592,1526 552,1525 526,1537 514,1529 455,1558 413,1545 340,1557 282,1530 264,1530 247,1545 230,1533 209,1545 198,1534 169,1549"/>
            </Shape>
            <String ID="line_938c6560-4dda-4427-b3b8-f5ff00d1aa4e-dummy-Word" HEIGHT="159" WIDTH="1865" HPOS="169" VPOS="1399" CONTENT="een val van het water gezien dat van de bergen vloeide en het">
              <Shape>
                <Polygon POINTS="169,1498 203,1491 209,1496 247,1460 267,1467 278,1460 310,1467 330,1460 358,1471 373,1459 414,1492 442,1464 465,1475 483,1459 515,1455 543,1463 562,1451 598,1465 640,1448 688,1455 716,1444 749,1452 778,1444 815,1463 858,1452 875,1455 890,1444 922,1452 941,1441 969,1444 991,1436 1002,1447 1029,1440 1052,1456 1061,1448 1090,1456 1123,1435 1135,1435 1150,1444 1194,1436 1210,1451 1265,1455 1302,1432 1326,1436 1350,1424 1376,1427 1391,1420 1426,1428 1452,1420 1466,1431 1492,1430 1514,1416 1533,1416 1556,1438 1568,1435 1582,1444 1608,1421 1646,1423 1661,1408 1723,1420 1760,1448 1799,1423 1831,1425 1857,1400 1905,1436 1927,1428 1957,1399 1985,1423 2012,1410 2034,1429 2034,1476 2021,1471 1996,1486 1974,1479 1957,1494 1904,1494 1871,1517 1852,1517 1801,1485 1773,1495 1753,1486 1717,1494 1704,1483 1686,1483 1657,1495 1646,1487 1606,1487 1598,1494 1589,1487 1558,1487 1518,1521 1481,1514 1464,1522 1448,1507 1437,1507 1409,1526 1390,1525 1346,1502 1284,1513 1263,1495 1228,1510 1198,1498 1170,1509 1153,1506 1135,1521 1126,1517 1106,1526 1064,1516 1054,1526 1038,1519 1025,1525 1009,1514 982,1526 934,1522 912,1541 895,1541 876,1554 854,1549 837,1533 818,1537 800,1522 782,1530 740,1530 727,1518 666,1518 622,1541 610,1541 592,1526 552,1525 526,1537 514,1529 455,1558 413,1545 340,1557 282,1530 264,1530 247,1545 230,1533 209,1545 198,1534 169,1549"/>
              </Shape>
            </String>
          </TextLine>
          <TextLine ID="line_7180cbdc-3734-4b73-813a-8af7d9c2ebb3" HEIGHT="180" WIDTH="1846" HPOS="176" VPOS="1483" STYLEREFS="textstyle-None---sans-serif---proportional---None---None---None">
            <Shape>
              <Polygon POINTS="176,1548 197,1534 224,1549 238,1540 261,1550 305,1541 313,1547 346,1530 372,1550 391,1553 413,1542 440,1558 454,1558 511,1530 525,1537 553,1524 592,1526 621,1542 640,1526 666,1518 726,1518 738,1530 800,1523 822,1537 838,1534 873,1557 921,1517 969,1528 1014,1514 1028,1525 1037,1518 1045,1526 1113,1526 1125,1517 1135,1521 1168,1499 1180,1505 1198,1499 1216,1510 1252,1510 1266,1518 1277,1507 1285,1514 1345,1502 1407,1528 1421,1514 1447,1507 1462,1522 1487,1514 1517,1522 1558,1487 1589,1487 1597,1494 1606,1487 1646,1487 1657,1495 1686,1483 1703,1483 1717,1494 1753,1486 1773,1495 1801,1485 1852,1517 1871,1517 1904,1494 1957,1494 1965,1486 1977,1486 2005,1510 2022,1506 2022,1553 1981,1581 1937,1550 1880,1550 1850,1564 1837,1554 1795,1563 1740,1554 1712,1580 1696,1565 1617,1558 1579,1581 1554,1569 1528,1580 1501,1573 1482,1592 1459,1601 1436,1596 1412,1573 1387,1573 1369,1584 1358,1573 1320,1576 1313,1569 1299,1580 1280,1571 1258,1580 1238,1573 1218,1582 1209,1577 1183,1593 1163,1589 1152,1600 1123,1600 1109,1586 1078,1592 1059,1577 1038,1577 997,1604 956,1593 942,1581 920,1588 911,1581 886,1581 836,1615 810,1597 790,1596 765,1608 757,1604 745,1616 730,1612 717,1623 677,1597 634,1612 612,1597 603,1604 591,1600 555,1627 515,1617 502,1624 471,1612 438,1631 425,1620 400,1620 392,1628 373,1623 363,1631 338,1620 306,1631 294,1621 279,1631 254,1616 199,1663 176,1662"/>
            </Shape>
            <String ID="line_7180cbdc-3734-4b73-813a-8af7d9c2ebb3-dummy-Word" HEIGHT="180" WIDTH="1846" HPOS="176" VPOS="1483" CONTENT="zy door kunst hetzy van natuur dwars over de daar voor by">
              <Shape>
                <Polygon POINTS="176,1548 197,1534 224,1549 238,1540 261,1550 305,1541 313,1547 346,1530 372,1550 391,1553 413,1542 440,1558 454,1558 511,1530 525,1537 553,1524 592,1526 621,1542 640,1526 666,1518 726,1518 738,1530 800,1523 822,1537 838,1534 873,1557 921,1517 969,1528 1014,1514 1028,1525 1037,1518 1045,1526 1113,1526 1125,1517 1135,1521 1168,1499 1180,1505 1198,1499 1216,1510 1252,1510 1266,1518 1277,1507 1285,1514 1345,1502 1407,1528 1421,1514 1447,1507 1462,1522 1487,1514 1517,1522 1558,1487 1589,1487 1597,1494 1606,1487 1646,1487 1657,1495 1686,1483 1703,1483 1717,1494 1753,1486 1773,1495 1801,1485 1852,1517 1871,1517 1904,1494 1957,1494 1965,1486 1977,1486 2005,1510 2022,1506 2022,1553 1981,1581 1937,1550 1880,1550 1850,1564 1837,1554 1795,1563 1740,1554 1712,1580 1696,1565 1617,1558 1579,1581 1554,1569 1528,1580 1501,1573 1482,1592 1459,1601 1436,1596 1412,1573 1387,1573 1369,1584 1358,1573 1320,1576 1313,1569 1299,1580 1280,1571 1258,1580 1238,1573 1218,1582 1209,1577 1183,1593 1163,1589 1152,1600 1123,1600 1109,1586 1078,1592 1059,1577 1038,1577 997,1604 956,1593 942,1581 920,1588 911,1581 886,1581 836,1615 810,1597 790,1596 765,1608 757,1604 745,1616 730,1612 717,1623 677,1597 634,1612 612,1597 603,1604 591,1600 555,1627 515,1617 502,1624 471,1612 438,1631 425,1620 400,1620 392,1628 373,1623 363,1631 338,1620 306,1631 294,1621 279,1631 254,1616 199,1663 176,1662"/>
              </Shape>
            </String>
          </TextLine>
          <TextLine ID="line_41b1893a-a50c-4feb-9c3c-f8ecdac088b8" HEIGHT="188" WIDTH="1861" HPOS="182" VPOS="1549" STYLEREFS="textstyle-None---sans-serif---proportional---None---None---None">
            <Shape>
              <Polygon POINTS="182,1628 196,1628 223,1644 260,1613 288,1616 300,1628 345,1624 353,1616 391,1629 432,1616 447,1622 473,1612 496,1616 524,1601 551,1606 560,1597 582,1608 595,1597 615,1597 636,1612 668,1593 685,1596 716,1624 731,1613 760,1612 791,1596 810,1597 836,1616 885,1581 908,1581 915,1588 942,1581 953,1592 963,1589 996,1604 1036,1577 1060,1577 1079,1592 1139,1588 1154,1600 1165,1589 1182,1594 1211,1577 1223,1585 1238,1573 1259,1580 1279,1572 1287,1580 1310,1572 1319,1579 1359,1573 1370,1584 1387,1573 1413,1574 1436,1596 1459,1603 1502,1575 1526,1581 1556,1569 1590,1580 1618,1557 1718,1571 1736,1553 1793,1566 1802,1557 1827,1553 1851,1564 1872,1557 1883,1561 1897,1549 1934,1549 1977,1581 2001,1577 2022,1557 2043,1575 2043,1622 2032,1617 2003,1637 1983,1621 1970,1621 1936,1653 1889,1669 1876,1668 1843,1644 1799,1664 1758,1649 1748,1656 1729,1653 1716,1642 1690,1649 1670,1636 1638,1653 1626,1653 1612,1640 1570,1657 1531,1636 1503,1656 1491,1649 1457,1676 1429,1668 1418,1679 1389,1668 1366,1677 1339,1664 1317,1668 1289,1645 1268,1656 1256,1656 1236,1641 1222,1652 1213,1644 1172,1652 1162,1645 1111,1645 1071,1676 1045,1652 1030,1653 1015,1668 970,1653 935,1684 911,1690 879,1660 839,1666 827,1660 787,1696 762,1688 723,1701 711,1692 654,1701 612,1673 593,1684 559,1669 524,1693 507,1696 494,1696 461,1673 443,1673 426,1688 414,1677 398,1676 376,1677 368,1685 356,1677 301,1685 265,1681 236,1697 195,1737 182,1737"/>
            </Shape>
            <String ID="line_41b1893a-a50c-4feb-9c3c-f8ecdac088b8-dummy-Word" HEIGHT="188" WIDTH="1861" HPOS="182" VPOS="1549" CONTENT="Sroomende Retiberger graven viel hetgeen een wonderlijk effect">
              <Shape>
                <Polygon POINTS="182,1628 196,1628 223,1644 260,1613 288,1616 300,1628 345,1624 353,1616 391,1629 432,1616 447,1622 473,1612 496,1616 524,1601 551,1606 560,1597 582,1608 595,1597 615,1597 636,1612 668,1593 685,1596 716,1624 731,1613 760,1612 791,1596 810,1597 836,1616 885,1581 908,1581 915,1588 942,1581 953,1592 963,1589 996,1604 1036,1577 1060,1577 1079,1592 1139,1588 1154,1600 1165,1589 1182,1594 1211,1577 1223,1585 1238,1573 1259,1580 1279,1572 1287,1580 1310,1572 1319,1579 1359,1573 1370,1584 1387,1573 1413,1574 1436,1596 1459,1603 1502,1575 1526,1581 1556,1569 1590,1580 1618,1557 1718,1571 1736,1553 1793,1566 1802,1557 1827,1553 1851,1564 1872,1557 1883,1561 1897,1549 1934,1549 1977,1581 2001,1577 2022,1557 2043,1575 2043,1622 2032,1617 2003,1637 1983,1621 1970,1621 1936,1653 1889,1669 1876,1668 1843,1644 1799,1664 1758,1649 1748,1656 1729,1653 1716,1642 1690,1649 1670,1636 1638,1653 1626,1653 1612,1640 1570,1657 1531,1636 1503,1656 1491,1649 1457,1676 1429,1668 1418,1679 1389,1668 1366,1677 1339,1664 1317,1668 1289,1645 1268,1656 1256,1656 1236,1641 1222,1652 1213,1644 1172,1652 1162,1645 1111,1645 1071,1676 1045,1652 1030,1653 1015,1668 970,1653 935,1684 911,1690 879,1660 839,1666 827,1660 787,1696 762,1688 723,1701 711,1692 654,1701 612,1673 593,1684 559,1669 524,1693 507,1696 494,1696 461,1673 443,1673 426,1688 414,1677 398,1676 376,1677 368,1685 356,1677 301,1685 265,1681 236,1697 195,1737 182,1737"/>
              </Shape>
            </String>
          </TextLine>
          <TextLine ID="line_7d5f69b9-4bf2-4ee3-820f-1fa8f0fb3e6a" HEIGHT="160" WIDTH="1732" HPOS="179" VPOS="1630" STYLEREFS="textstyle-None---sans-serif---proportional---None---None---None">
            <Shape>
              <Polygon POINTS="179,1702 209,1705 241,1686 266,1685 273,1678 290,1690 321,1678 372,1681 380,1675 404,1682 413,1677 427,1689 438,1678 461,1674 478,1677 506,1697 525,1693 552,1670 567,1677 579,1670 591,1682 611,1674 640,1701 666,1698 680,1710 712,1692 721,1701 740,1701 761,1689 787,1696 825,1662 855,1674 869,1662 881,1662 914,1690 933,1686 968,1654 1000,1676 1038,1651 1090,1666 1119,1651 1155,1645 1173,1654 1184,1646 1195,1653 1203,1646 1222,1652 1231,1643 1260,1662 1287,1646 1362,1677 1389,1669 1401,1677 1426,1654 1471,1635 1495,1643 1508,1638 1516,1646 1524,1638 1546,1637 1575,1654 1605,1646 1638,1655 1661,1638 1673,1645 1705,1630 1728,1646 1761,1642 1790,1662 1818,1662 1844,1646 1877,1670 1890,1670 1911,1650 1911,1696 1882,1718 1806,1699 1746,1746 1713,1726 1684,1726 1669,1714 1654,1718 1630,1703 1603,1714 1582,1711 1566,1726 1540,1715 1527,1726 1498,1727 1475,1715 1431,1722 1414,1714 1391,1735 1369,1726 1352,1734 1330,1718 1284,1726 1267,1715 1240,1734 1227,1723 1213,1723 1190,1738 1167,1730 1140,1753 1131,1747 1091,1766 1075,1755 1070,1760 1031,1730 1009,1734 997,1746 924,1734 896,1750 886,1750 871,1735 853,1747 835,1735 800,1735 793,1742 766,1742 704,1781 681,1774 657,1778 628,1762 588,1765 557,1750 540,1750 525,1761 507,1750 488,1750 476,1762 443,1754 412,1777 369,1750 331,1769 323,1766 300,1789 255,1782 243,1773 218,1789 179,1790"/>
            </Shape>
            <String ID="line_7d5f69b9-4bf2-4ee3-820f-1fa8f0fb3e6a-dummy-Word" HEIGHT="160" WIDTH="1732" HPOS="179" VPOS="1630" CONTENT="deed. Nu hadden wy echter het schoone van de weg op en">
              <Shape>
                <Polygon POINTS="179,1702 209,1705 241,1686 266,1685 273,1678 290,1690 321,1678 372,1681 380,1675 404,1682 413,1677 427,1689 438,1678 461,1674 478,1677 506,1697 525,1693 552,1670 567,1677 579,1670 591,1682 611,1674 640,1701 666,1698 680,1710 712,1692 721,1701 740,1701 761,1689 787,1696 825,1662 855,1674 869,1662 881,1662 914,1690 933,1686 968,1654 1000,1676 1038,1651 1090,1666 1119,1651 1155,1645 1173,1654 1184,1646 1195,1653 1203,1646 1222,1652 1231,1643 1260,1662 1287,1646 1362,1677 1389,1669 1401,1677 1426,1654 1471,1635 1495,1643 1508,1638 1516,1646 1524,1638 1546,1637 1575,1654 1605,1646 1638,1655 1661,1638 1673,1645 1705,1630 1728,1646 1761,1642 1790,1662 1818,1662 1844,1646 1877,1670 1890,1670 1911,1650 1911,1696 1882,1718 1806,1699 1746,1746 1713,1726 1684,1726 1669,1714 1654,1718 1630,1703 1603,1714 1582,1711 1566,1726 1540,1715 1527,1726 1498,1727 1475,1715 1431,1722 1414,1714 1391,1735 1369,1726 1352,1734 1330,1718 1284,1726 1267,1715 1240,1734 1227,1723 1213,1723 1190,1738 1167,1730 1140,1753 1131,1747 1091,1766 1075,1755 1070,1760 1031,1730 1009,1734 997,1746 924,1734 896,1750 886,1750 871,1735 853,1747 835,1735 800,1735 793,1742 766,1742 704,1781 681,1774 657,1778 628,1762 588,1765 557,1750 540,1750 525,1761 507,1750 488,1750 476,1762 443,1754 412,1777 369,1750 331,1769 323,1766 300,1789 255,1782 243,1773 218,1789 179,1790"/>
              </Shape>
            </String>
          </TextLine>
          <TextLine ID="line_61cd3f56-2b4c-4f1e-a255-da1c7e11b6aa" HEIGHT="175" WIDTH="1841" HPOS="186" VPOS="1689" STYLEREFS="textstyle-None---sans-serif---proportional---None---None---None">
            <Shape>
              <Polygon POINTS="186,1760 240,1759 260,1773 287,1756 338,1759 354,1752 399,1780 412,1779 429,1763 459,1769 499,1748 547,1779 571,1760 588,1767 620,1759 657,1780 702,1781 743,1744 783,1736 830,1736 857,1756 874,1756 933,1728 961,1743 970,1737 982,1744 1001,1728 1014,1732 1026,1724 1047,1743 1078,1744 1093,1731 1113,1727 1136,1748 1147,1748 1169,1728 1193,1720 1226,1720 1244,1731 1264,1716 1305,1727 1322,1715 1357,1732 1369,1723 1395,1740 1445,1716 1462,1724 1471,1715 1514,1708 1547,1716 1559,1704 1576,1712 1637,1704 1678,1732 1704,1727 1750,1747 1808,1700 1873,1716 1889,1712 1906,1726 1920,1727 1952,1700 1978,1700 1995,1689 2027,1721 2027,1768 1990,1767 1938,1802 1922,1790 1883,1786 1870,1798 1852,1798 1814,1776 1770,1794 1740,1775 1722,1775 1682,1803 1638,1782 1606,1792 1586,1781 1566,1796 1535,1786 1511,1806 1487,1809 1443,1786 1432,1793 1409,1790 1379,1814 1282,1795 1247,1805 1221,1794 1204,1810 1184,1814 1138,1798 1114,1813 1084,1798 1066,1798 1058,1806 989,1802 945,1820 931,1809 913,1812 907,1806 892,1817 883,1811 847,1822 832,1813 804,1825 761,1825 729,1837 691,1829 639,1861 613,1845 591,1845 570,1826 549,1829 530,1822 521,1830 507,1826 455,1861 409,1853 399,1843 379,1845 362,1829 328,1825 301,1837 280,1827 256,1834 236,1830 202,1861 186,1864"/>
            </Shape>
            <String ID="line_61cd3f56-2b4c-4f1e-a255-da1c7e11b6aa-dummy-Word" HEIGHT="175" WIDTH="1841" HPOS="186" VPOS="1689" CONTENT="moesten over een portie steenen al horrende en botsende zyden">
              <Shape>
                <Polygon POINTS="186,1760 240,1759 260,1773 287,1756 338,1759 354,1752 399,1780 412,1779 429,1763 459,1769 499,1748 547,1779 571,1760 588,1767 620,1759 657,1780 702,1781 743,1744 783,1736 830,1736 857,1756 874,1756 933,1728 961,1743 970,1737 982,1744 1001,1728 1014,1732 1026,1724 1047,1743 1078,1744 1093,1731 1113,1727 1136,1748 1147,1748 1169,1728 1193,1720 1226,1720 1244,1731 1264,1716 1305,1727 1322,1715 1357,1732 1369,1723 1395,1740 1445,1716 1462,1724 1471,1715 1514,1708 1547,1716 1559,1704 1576,1712 1637,1704 1678,1732 1704,1727 1750,1747 1808,1700 1873,1716 1889,1712 1906,1726 1920,1727 1952,1700 1978,1700 1995,1689 2027,1721 2027,1768 1990,1767 1938,1802 1922,1790 1883,1786 1870,1798 1852,1798 1814,1776 1770,1794 1740,1775 1722,1775 1682,1803 1638,1782 1606,1792 1586,1781 1566,1796 1535,1786 1511,1806 1487,1809 1443,1786 1432,1793 1409,1790 1379,1814 1282,1795 1247,1805 1221,1794 1204,1810 1184,1814 1138,1798 1114,1813 1084,1798 1066,1798 1058,1806 989,1802 945,1820 931,1809 913,1812 907,1806 892,1817 883,1811 847,1822 832,1813 804,1825 761,1825 729,1837 691,1829 639,1861 613,1845 591,1845 570,1826 549,1829 530,1822 521,1830 507,1826 455,1861 409,1853 399,1843 379,1845 362,1829 328,1825 301,1837 280,1827 256,1834 236,1830 202,1861 186,1864"/>
              </Shape>
            </String>
          </TextLine>
          <TextLine ID="bc6ff43d-f0e0-48c9-882d-be616aaf3657" HEIGHT="171" WIDTH="1833" HPOS="191" VPOS="1772" STYLEREFS="textstyle-None---sans-serif---proportional---None---None---None">
            <Shape>
              <Polygon POINTS="191,1859 217,1840 246,1839 268,1828 320,1837 353,1824 368,1832 377,1827 452,1861 507,1828 527,1832 552,1855 579,1847 597,1855 605,1847 651,1852 680,1828 707,1827 715,1835 731,1823 763,1839 808,1812 820,1820 836,1815 857,1827 870,1815 891,1819 917,1808 953,1819 994,1803 1014,1804 1033,1823 1047,1817 1060,1824 1099,1800 1113,1812 1138,1799 1187,1815 1223,1792 1236,1792 1248,1803 1276,1788 1284,1796 1300,1788 1333,1788 1356,1795 1378,1815 1412,1788 1441,1784 1453,1791 1472,1784 1488,1792 1504,1780 1567,1795 1591,1819 1614,1808 1624,1815 1662,1795 1687,1800 1714,1776 1726,1780 1738,1772 1778,1782 1785,1776 1807,1782 1815,1774 1827,1780 1846,1772 1862,1780 1874,1776 1887,1788 1911,1790 1923,1783 1938,1792 1991,1780 2024,1802 2024,1849 1994,1852 1965,1879 1921,1852 1867,1859 1854,1851 1825,1856 1816,1848 1788,1860 1749,1859 1717,1875 1700,1863 1678,1867 1662,1859 1599,1856 1577,1864 1555,1884 1527,1891 1498,1886 1468,1860 1444,1860 1412,1872 1397,1863 1371,1872 1353,1863 1312,1879 1289,1864 1269,1871 1255,1864 1229,1887 1216,1875 1188,1879 1160,1871 1151,1877 1135,1868 1123,1880 1111,1875 1101,1883 1086,1871 1042,1888 1021,1880 1000,1895 978,1879 936,1895 917,1879 890,1900 862,1887 835,1907 787,1888 769,1900 735,1900 719,1916 696,1910 670,1916 643,1895 617,1911 568,1912 537,1888 520,1888 457,1927 403,1927 370,1943 358,1932 344,1941 311,1943 254,1900 220,1912 191,1910"/>
            </Shape>
            <String ID="bc6ff43d-f0e0-48c9-882d-be616aaf3657-dummy-Word" HEIGHT="171" WIDTH="1833" HPOS="191" VPOS="1772" CONTENT="tot wy ongeveer 3 uur te Oderbruike aan kwamen: hier dank„">
              <Shape>
                <Polygon POINTS="191,1859 217,1840 246,1839 268,1828 320,1837 353,1824 368,1832 377,1827 452,1861 507,1828 527,1832 552,1855 579,1847 597,1855 605,1847 651,1852 680,1828 707,1827 715,1835 731,1823 763,1839 808,1812 820,1820 836,1815 857,1827 870,1815 891,1819 917,1808 953,1819 994,1803 1014,1804 1033,1823 1047,1817 1060,1824 1099,1800 1113,1812 1138,1799 1187,1815 1223,1792 1236,1792 1248,1803 1276,1788 1284,1796 1300,1788 1333,1788 1356,1795 1378,1815 1412,1788 1441,1784 1453,1791 1472,1784 1488,1792 1504,1780 1567,1795 1591,1819 1614,1808 1624,1815 1662,1795 1687,1800 1714,1776 1726,1780 1738,1772 1778,1782 1785,1776 1807,1782 1815,1774 1827,1780 1846,1772 1862,1780 1874,1776 1887,1788 1911,1790 1923,1783 1938,1792 1991,1780 2024,1802 2024,1849 1994,1852 1965,1879 1921,1852 1867,1859 1854,1851 1825,1856 1816,1848 1788,1860 1749,1859 1717,1875 1700,1863 1678,1867 1662,1859 1599,1856 1577,1864 1555,1884 1527,1891 1498,1886 1468,1860 1444,1860 1412,1872 1397,1863 1371,1872 1353,1863 1312,1879 1289,1864 1269,1871 1255,1864 1229,1887 1216,1875 1188,1879 1160,1871 1151,1877 1135,1868 1123,1880 1111,1875 1101,1883 1086,1871 1042,1888 1021,1880 1000,1895 978,1879 936,1895 917,1879 890,1900 862,1887 835,1907 787,1888 769,1900 735,1900 719,1916 696,1910 670,1916 643,1895 617,1911 568,1912 537,1888 520,1888 457,1927 403,1927 370,1943 358,1932 344,1941 311,1943 254,1900 220,1912 191,1910"/>
              </Shape>
            </String>
          </TextLine>
          <TextLine ID="line_1b923239-40ae-4e77-a02a-f6b45455d9f4" HEIGHT="154" WIDTH="1811" HPOS="188" VPOS="1849" STYLEREFS="textstyle-None---sans-serif---proportional---None---None---None">
            <Shape>
              <Polygon POINTS="188,1908 224,1913 236,1901 255,1901 314,1943 354,1935 366,1942 401,1919 425,1934 469,1920 483,1924 491,1916 500,1919 519,1900 531,1908 554,1904 569,1912 614,1912 642,1896 673,1918 693,1909 718,1917 755,1888 768,1900 797,1890 835,1908 851,1892 861,1900 889,1900 917,1881 935,1893 974,1879 999,1896 1022,1881 1041,1889 1078,1873 1085,1879 1095,1869 1129,1885 1162,1870 1185,1877 1193,1869 1229,1873 1288,1865 1310,1878 1357,1862 1368,1872 1377,1865 1401,1880 1442,1857 1468,1860 1476,1868 1497,1860 1538,1870 1550,1864 1562,1875 1600,1853 1679,1868 1718,1863 1752,1869 1778,1857 1793,1865 1816,1849 1867,1884 1882,1877 1896,1891 1974,1872 1985,1880 1999,1876 1999,1923 1986,1930 1966,1921 1957,1929 1919,1921 1895,1929 1881,1925 1865,1940 1837,1941 1812,1925 1802,1932 1777,1925 1750,1940 1710,1925 1642,1949 1609,1948 1585,1966 1569,1968 1545,1957 1530,1972 1503,1969 1467,1933 1425,1957 1366,1952 1318,1937 1274,1973 1224,1941 1212,1949 1201,1941 1168,1952 1079,1945 1065,1957 1056,1953 1044,1961 1024,1949 982,1949 944,1973 928,1965 904,1980 882,1981 870,1993 862,1993 825,1956 815,1964 801,1956 774,1973 750,1957 723,1965 681,1957 674,1964 628,1968 600,1961 578,1981 559,1980 541,1996 530,1996 514,1980 488,1988 439,1969 409,1980 394,1972 346,2003 308,1988 292,1973 280,1973 262,1988 251,1984 230,1998 202,1972 188,1972"/>
            </Shape>
            <String ID="line_1b923239-40ae-4e77-a02a-f6b45455d9f4-dummy-Word" HEIGHT="154" WIDTH="1811" HPOS="188" VPOS="1849" CONTENT="ten wy onzen voerman af die dadelyk terug reed, en namen">
              <Shape>
                <Polygon POINTS="188,1908 224,1913 236,1901 255,1901 314,1943 354,1935 366,1942 401,1919 425,1934 469,1920 483,1924 491,1916 500,1919 519,1900 531,1908 554,1904 569,1912 614,1912 642,1896 673,1918 693,1909 718,1917 755,1888 768,1900 797,1890 835,1908 851,1892 861,1900 889,1900 917,1881 935,1893 974,1879 999,1896 1022,1881 1041,1889 1078,1873 1085,1879 1095,1869 1129,1885 1162,1870 1185,1877 1193,1869 1229,1873 1288,1865 1310,1878 1357,1862 1368,1872 1377,1865 1401,1880 1442,1857 1468,1860 1476,1868 1497,1860 1538,1870 1550,1864 1562,1875 1600,1853 1679,1868 1718,1863 1752,1869 1778,1857 1793,1865 1816,1849 1867,1884 1882,1877 1896,1891 1974,1872 1985,1880 1999,1876 1999,1923 1986,1930 1966,1921 1957,1929 1919,1921 1895,1929 1881,1925 1865,1940 1837,1941 1812,1925 1802,1932 1777,1925 1750,1940 1710,1925 1642,1949 1609,1948 1585,1966 1569,1968 1545,1957 1530,1972 1503,1969 1467,1933 1425,1957 1366,1952 1318,1937 1274,1973 1224,1941 1212,1949 1201,1941 1168,1952 1079,1945 1065,1957 1056,1953 1044,1961 1024,1949 982,1949 944,1973 928,1965 904,1980 882,1981 870,1993 862,1993 825,1956 815,1964 801,1956 774,1973 750,1957 723,1965 681,1957 674,1964 628,1968 600,1961 578,1981 559,1980 541,1996 530,1996 514,1980 488,1988 439,1969 409,1980 394,1972 346,2003 308,1988 292,1973 280,1973 262,1988 251,1984 230,1998 202,1972 188,1972"/>
              </Shape>
            </String>
          </TextLine>
          <TextLine ID="b36c4793-f480-454d-ab7d-5efe0e8b168f" HEIGHT="164" WIDTH="1831" HPOS="179" VPOS="1921" STYLEREFS="textstyle-None---sans-serif---proportional---None---None---None">
            <Shape>
              <Polygon POINTS="179,1971 193,1977 203,1972 234,1997 252,1981 261,1988 278,1973 292,1973 309,1989 344,2000 392,1972 411,1977 439,1969 463,1981 489,1973 577,1981 600,1961 613,1961 638,1981 657,1964 677,1964 684,1957 718,1965 749,1957 775,1973 797,1957 825,1956 865,1994 893,1973 904,1980 957,1964 976,1964 984,1972 993,1964 1015,1969 1031,1956 1049,1965 1079,1946 1106,1945 1124,1953 1167,1952 1187,1944 1207,1952 1221,1941 1276,1973 1317,1937 1360,1937 1377,1953 1425,1957 1463,1936 1513,1973 1529,1972 1544,1957 1584,1968 1606,1949 1643,1949 1687,1932 1736,1933 1756,1941 1777,1925 1801,1932 1816,1928 1829,1940 1863,1940 1878,1949 1896,1939 1906,1945 1942,1921 1955,1929 1966,1921 1990,1930 2010,1950 2010,1997 1994,2007 1978,1996 1969,2004 1952,1996 1939,2003 1922,1996 1905,2012 1837,2015 1786,2038 1776,2038 1761,2023 1740,2031 1702,2007 1673,2023 1661,2019 1631,2042 1585,2019 1580,2023 1565,2008 1536,2014 1521,2008 1476,2038 1461,2031 1448,2043 1421,2043 1401,2058 1372,2062 1351,2054 1332,2035 1300,2042 1281,2031 1264,2047 1253,2047 1201,2018 1181,2023 1173,2015 1142,2026 1117,2019 1097,2027 1081,2020 1042,2030 985,2019 944,2023 932,2035 922,2027 859,2026 820,2035 789,2064 747,2032 713,2043 692,2042 678,2031 653,2031 640,2039 613,2035 570,2054 557,2043 521,2063 496,2058 478,2043 432,2054 421,2043 405,2050 391,2039 370,2058 348,2043 327,2058 309,2054 261,2067 240,2085 179,2051"/>
            </Shape>
            <String ID="b36c4793-f480-454d-ab7d-5efe0e8b168f-dummy-Word" HEIGHT="164" WIDTH="1831" HPOS="179" VPOS="1921" CONTENT="verder te voel de togt naar de Bloksberg aan: groot was de">
              <Shape>
                <Polygon POINTS="179,1971 193,1977 203,1972 234,1997 252,1981 261,1988 278,1973 292,1973 309,1989 344,2000 392,1972 411,1977 439,1969 463,1981 489,1973 577,1981 600,1961 613,1961 638,1981 657,1964 677,1964 684,1957 718,1965 749,1957 775,1973 797,1957 825,1956 865,1994 893,1973 904,1980 957,1964 976,1964 984,1972 993,1964 1015,1969 1031,1956 1049,1965 1079,1946 1106,1945 1124,1953 1167,1952 1187,1944 1207,1952 1221,1941 1276,1973 1317,1937 1360,1937 1377,1953 1425,1957 1463,1936 1513,1973 1529,1972 1544,1957 1584,1968 1606,1949 1643,1949 1687,1932 1736,1933 1756,1941 1777,1925 1801,1932 1816,1928 1829,1940 1863,1940 1878,1949 1896,1939 1906,1945 1942,1921 1955,1929 1966,1921 1990,1930 2010,1950 2010,1997 1994,2007 1978,1996 1969,2004 1952,1996 1939,2003 1922,1996 1905,2012 1837,2015 1786,2038 1776,2038 1761,2023 1740,2031 1702,2007 1673,2023 1661,2019 1631,2042 1585,2019 1580,2023 1565,2008 1536,2014 1521,2008 1476,2038 1461,2031 1448,2043 1421,2043 1401,2058 1372,2062 1351,2054 1332,2035 1300,2042 1281,2031 1264,2047 1253,2047 1201,2018 1181,2023 1173,2015 1142,2026 1117,2019 1097,2027 1081,2020 1042,2030 985,2019 944,2023 932,2035 922,2027 859,2026 820,2035 789,2064 747,2032 713,2043 692,2042 678,2031 653,2031 640,2039 613,2035 570,2054 557,2043 521,2063 496,2058 478,2043 432,2054 421,2043 405,2050 391,2039 370,2058 348,2043 327,2058 309,2054 261,2067 240,2085 179,2051"/>
              </Shape>
            </String>
          </TextLine>
          <TextLine ID="line_4e0b1324-3435-4e14-bef3-bc697bfbf3a3" HEIGHT="164" WIDTH="1817" HPOS="182" VPOS="1998" STYLEREFS="textstyle-None---sans-serif---proportional---None---None---None">
            <Shape>
              <Polygon POINTS="182,2107 195,2094 208,2097 228,2079 239,2082 279,2059 327,2055 348,2043 367,2051 384,2039 431,2054 440,2046 478,2043 488,2051 519,2045 533,2054 570,2035 584,2035 595,2046 606,2038 624,2050 653,2031 679,2031 691,2043 714,2043 746,2028 787,2060 827,2031 841,2035 856,2024 902,2034 921,2027 929,2034 985,2020 999,2030 1018,2023 1052,2027 1082,2020 1103,2027 1122,2020 1199,2019 1230,2047 1248,2043 1260,2050 1285,2031 1298,2044 1305,2037 1324,2055 1342,2044 1361,2058 1401,2059 1413,2047 1448,2043 1463,2031 1477,2038 1522,2008 1534,2015 1566,2008 1592,2031 1615,2031 1633,2041 1662,2020 1670,2027 1706,2007 1721,2019 1753,2019 1780,2039 1809,2031 1832,2011 1854,2020 1890,2016 1922,1998 1958,2019 1973,2008 1999,2029 1999,2076 1991,2084 1935,2079 1907,2103 1888,2099 1864,2111 1835,2099 1812,2076 1800,2076 1785,2087 1737,2087 1706,2103 1666,2091 1641,2100 1606,2099 1589,2087 1557,2092 1530,2086 1510,2100 1491,2084 1455,2084 1425,2095 1417,2091 1384,2113 1370,2115 1358,2103 1329,2117 1283,2095 1258,2092 1221,2103 1203,2119 1164,2104 1156,2111 1119,2111 1097,2092 1090,2099 1051,2103 1021,2103 1013,2096 960,2119 935,2113 915,2119 908,2112 879,2119 868,2111 828,2139 814,2131 800,2139 761,2108 746,2115 726,2108 711,2120 684,2111 654,2127 634,2115 562,2119 554,2112 497,2155 462,2162 446,2151 430,2151 379,2116 343,2129 306,2123 280,2135 269,2135 252,2119 211,2142 182,2130"/>
            </Shape>
            <String ID="line_4e0b1324-3435-4e14-bef3-bc697bfbf3a3-dummy-Word" HEIGHT="164" WIDTH="1817" HPOS="182" VPOS="1998" CONTENT="verwoesing die de hooge sneeuw de vorige winter hier aan de">
              <Shape>
                <Polygon POINTS="182,2107 195,2094 208,2097 228,2079 239,2082 279,2059 327,2055 348,2043 367,2051 384,2039 431,2054 440,2046 478,2043 488,2051 519,2045 533,2054 570,2035 584,2035 595,2046 606,2038 624,2050 653,2031 679,2031 691,2043 714,2043 746,2028 787,2060 827,2031 841,2035 856,2024 902,2034 921,2027 929,2034 985,2020 999,2030 1018,2023 1052,2027 1082,2020 1103,2027 1122,2020 1199,2019 1230,2047 1248,2043 1260,2050 1285,2031 1298,2044 1305,2037 1324,2055 1342,2044 1361,2058 1401,2059 1413,2047 1448,2043 1463,2031 1477,2038 1522,2008 1534,2015 1566,2008 1592,2031 1615,2031 1633,2041 1662,2020 1670,2027 1706,2007 1721,2019 1753,2019 1780,2039 1809,2031 1832,2011 1854,2020 1890,2016 1922,1998 1958,2019 1973,2008 1999,2029 1999,2076 1991,2084 1935,2079 1907,2103 1888,2099 1864,2111 1835,2099 1812,2076 1800,2076 1785,2087 1737,2087 1706,2103 1666,2091 1641,2100 1606,2099 1589,2087 1557,2092 1530,2086 1510,2100 1491,2084 1455,2084 1425,2095 1417,2091 1384,2113 1370,2115 1358,2103 1329,2117 1283,2095 1258,2092 1221,2103 1203,2119 1164,2104 1156,2111 1119,2111 1097,2092 1090,2099 1051,2103 1021,2103 1013,2096 960,2119 935,2113 915,2119 908,2112 879,2119 868,2111 828,2139 814,2131 800,2139 761,2108 746,2115 726,2108 711,2120 684,2111 654,2127 634,2115 562,2119 554,2112 497,2155 462,2162 446,2151 430,2151 379,2116 343,2129 306,2123 280,2135 269,2135 252,2119 211,2142 182,2130"/>
              </Shape>
            </String>
          </TextLine>
          <TextLine ID="line_1ffde656-6169-4eeb-8716-f59870f51f34" HEIGHT="177" WIDTH="1814" HPOS="192" VPOS="2074" STYLEREFS="textstyle-None---sans-serif---proportional---None---None---None">
            <Shape>
              <Polygon POINTS="192,2128 233,2134 258,2121 271,2134 284,2134 329,2118 355,2125 392,2117 431,2150 465,2161 494,2157 542,2110 567,2117 610,2112 634,2125 661,2126 686,2109 712,2119 728,2109 741,2114 761,2108 805,2138 834,2134 862,2110 886,2102 898,2113 927,2120 944,2108 957,2118 979,2098 1004,2101 1014,2094 1026,2105 1049,2094 1076,2102 1102,2094 1111,2102 1133,2090 1173,2109 1192,2110 1205,2099 1233,2101 1244,2112 1270,2093 1282,2094 1306,2098 1334,2117 1389,2089 1403,2101 1420,2086 1445,2086 1464,2097 1479,2086 1513,2086 1521,2093 1528,2087 1563,2117 1587,2126 1607,2110 1633,2108 1646,2117 1677,2098 1705,2102 1761,2078 1801,2089 1819,2085 1847,2101 1867,2085 1907,2086 1930,2074 1952,2085 1971,2082 1984,2094 2006,2099 2005,2148 1993,2141 1969,2149 1956,2145 1938,2160 1919,2149 1879,2175 1856,2170 1828,2180 1796,2157 1786,2164 1758,2160 1714,2184 1684,2175 1661,2157 1597,2157 1584,2168 1572,2160 1553,2168 1523,2191 1506,2195 1488,2188 1476,2196 1452,2179 1433,2191 1391,2172 1345,2164 1332,2176 1317,2166 1258,2172 1189,2204 1153,2191 1135,2207 1062,2200 1053,2208 1008,2179 978,2180 945,2200 915,2179 883,2188 849,2180 834,2181 797,2217 754,2188 732,2197 721,2188 704,2205 674,2185 655,2195 638,2186 618,2188 569,2204 525,2189 510,2199 481,2188 470,2199 453,2193 440,2203 433,2197 380,2219 356,2215 330,2239 311,2231 290,2235 261,2223 229,2231 206,2251 192,2246"/>
            </Shape>
            <String ID="line_1ffde656-6169-4eeb-8716-f59870f51f34-dummy-Word" HEIGHT="177" WIDTH="1814" HPOS="192" VPOS="2074" CONTENT="ponge bomen had aangeregt daar geheele streken ver deeze op">
              <Shape>
                <Polygon POINTS="192,2128 233,2134 258,2121 271,2134 284,2134 329,2118 355,2125 392,2117 431,2150 465,2161 494,2157 542,2110 567,2117 610,2112 634,2125 661,2126 686,2109 712,2119 728,2109 741,2114 761,2108 805,2138 834,2134 862,2110 886,2102 898,2113 927,2120 944,2108 957,2118 979,2098 1004,2101 1014,2094 1026,2105 1049,2094 1076,2102 1102,2094 1111,2102 1133,2090 1173,2109 1192,2110 1205,2099 1233,2101 1244,2112 1270,2093 1282,2094 1306,2098 1334,2117 1389,2089 1403,2101 1420,2086 1445,2086 1464,2097 1479,2086 1513,2086 1521,2093 1528,2087 1563,2117 1587,2126 1607,2110 1633,2108 1646,2117 1677,2098 1705,2102 1761,2078 1801,2089 1819,2085 1847,2101 1867,2085 1907,2086 1930,2074 1952,2085 1971,2082 1984,2094 2006,2099 2005,2148 1993,2141 1969,2149 1956,2145 1938,2160 1919,2149 1879,2175 1856,2170 1828,2180 1796,2157 1786,2164 1758,2160 1714,2184 1684,2175 1661,2157 1597,2157 1584,2168 1572,2160 1553,2168 1523,2191 1506,2195 1488,2188 1476,2196 1452,2179 1433,2191 1391,2172 1345,2164 1332,2176 1317,2166 1258,2172 1189,2204 1153,2191 1135,2207 1062,2200 1053,2208 1008,2179 978,2180 945,2200 915,2179 883,2188 849,2180 834,2181 797,2217 754,2188 732,2197 721,2188 704,2205 674,2185 655,2195 638,2186 618,2188 569,2204 525,2189 510,2199 481,2188 470,2199 453,2193 440,2203 433,2197 380,2219 356,2215 330,2239 311,2231 290,2235 261,2223 229,2231 206,2251 192,2246"/>
              </Shape>
            </String>
          </TextLine>
          <TextLine ID="line_7afc4dba-45c9-49f1-a1ca-7ce562fccb2a" HEIGHT="180" WIDTH="1798" HPOS="196" VPOS="2149" STYLEREFS="textstyle-None---sans-serif---proportional---None---None---None">
            <Shape>
              <Polygon POINTS="196,2260 254,2217 305,2238 331,2224 341,2227 357,2212 385,2220 430,2197 440,2204 453,2194 470,2200 481,2189 494,2197 525,2190 565,2205 618,2189 654,2196 673,2185 701,2205 717,2189 754,2189 797,2216 835,2192 865,2205 880,2196 934,2204 978,2181 1006,2177 1030,2200 1052,2208 1062,2201 1119,2208 1167,2198 1180,2208 1193,2201 1201,2205 1229,2177 1240,2185 1277,2165 1313,2165 1329,2177 1345,2165 1394,2169 1414,2161 1440,2175 1463,2164 1488,2169 1534,2157 1553,2167 1581,2163 1600,2173 1622,2157 1643,2164 1659,2156 1713,2185 1756,2161 1786,2164 1793,2157 1839,2180 1857,2172 1874,2176 1913,2149 1958,2165 1980,2184 1994,2184 1994,2230 1952,2236 1933,2229 1881,2260 1846,2252 1829,2240 1804,2243 1779,2261 1757,2265 1746,2257 1717,2256 1696,2236 1668,2246 1659,2237 1645,2237 1599,2261 1588,2260 1552,2288 1531,2285 1519,2273 1504,2280 1449,2241 1422,2245 1404,2263 1396,2255 1374,2257 1362,2245 1349,2245 1321,2269 1298,2261 1257,2280 1200,2261 1157,2263 1142,2253 1077,2253 1066,2264 1038,2254 1005,2266 977,2259 948,2284 935,2276 894,2276 880,2266 834,2292 795,2269 755,2301 733,2300 702,2277 667,2273 637,2285 612,2308 577,2280 513,2295 499,2281 486,2284 479,2277 433,2285 406,2269 378,2269 358,2289 322,2273 290,2277 262,2294 247,2285 196,2329"/>
            </Shape>
            <String ID="line_7afc4dba-45c9-49f1-a1ca-7ce562fccb2a-dummy-Word" HEIGHT="180" WIDTH="1798" HPOS="196" VPOS="2149" CONTENT="eene zekere hoogte geknikt waren. Tot zeer na bij den Broeken">
              <Shape>
                <Polygon POINTS="196,2260 254,2217 305,2238 331,2224 341,2227 357,2212 385,2220 430,2197 440,2204 453,2194 470,2200 481,2189 494,2197 525,2190 565,2205 618,2189 654,2196 673,2185 701,2205 717,2189 754,2189 797,2216 835,2192 865,2205 880,2196 934,2204 978,2181 1006,2177 1030,2200 1052,2208 1062,2201 1119,2208 1167,2198 1180,2208 1193,2201 1201,2205 1229,2177 1240,2185 1277,2165 1313,2165 1329,2177 1345,2165 1394,2169 1414,2161 1440,2175 1463,2164 1488,2169 1534,2157 1553,2167 1581,2163 1600,2173 1622,2157 1643,2164 1659,2156 1713,2185 1756,2161 1786,2164 1793,2157 1839,2180 1857,2172 1874,2176 1913,2149 1958,2165 1980,2184 1994,2184 1994,2230 1952,2236 1933,2229 1881,2260 1846,2252 1829,2240 1804,2243 1779,2261 1757,2265 1746,2257 1717,2256 1696,2236 1668,2246 1659,2237 1645,2237 1599,2261 1588,2260 1552,2288 1531,2285 1519,2273 1504,2280 1449,2241 1422,2245 1404,2263 1396,2255 1374,2257 1362,2245 1349,2245 1321,2269 1298,2261 1257,2280 1200,2261 1157,2263 1142,2253 1077,2253 1066,2264 1038,2254 1005,2266 977,2259 948,2284 935,2276 894,2276 880,2266 834,2292 795,2269 755,2301 733,2300 702,2277 667,2273 637,2285 612,2308 577,2280 513,2295 499,2281 486,2284 479,2277 433,2285 406,2269 378,2269 358,2289 322,2273 290,2277 262,2294 247,2285 196,2329"/>
              </Shape>
            </String>
          </TextLine>
          <TextLine ID="f4b5b5b7-fd5a-404c-ae83-1e251b681ed6" HEIGHT="179" WIDTH="1788" HPOS="202" VPOS="2228" STYLEREFS="textstyle-None---sans-serif---proportional---None---None---None">
            <Shape>
              <Polygon POINTS="202,2275 220,2286 253,2286 269,2297 283,2283 300,2295 322,2279 354,2288 376,2271 389,2271 422,2292 486,2273 512,2294 576,2279 611,2308 643,2279 676,2286 714,2281 735,2302 754,2302 787,2271 816,2275 836,2260 912,2279 947,2256 992,2259 1005,2267 1017,2259 1064,2256 1097,2279 1120,2283 1142,2302 1190,2267 1223,2267 1241,2252 1262,2248 1319,2248 1331,2255 1364,2248 1379,2263 1409,2271 1448,2244 1530,2286 1570,2278 1589,2259 1598,2263 1616,2251 1677,2251 1701,2236 1727,2236 1763,2251 1784,2236 1799,2235 1814,2247 1829,2240 1871,2263 1889,2248 1908,2247 1943,2228 1957,2239 1967,2235 1990,2258 1990,2306 1957,2328 1912,2327 1896,2315 1819,2315 1807,2327 1797,2321 1775,2331 1751,2351 1709,2341 1697,2331 1675,2343 1658,2335 1635,2343 1601,2324 1581,2327 1551,2347 1527,2347 1515,2335 1481,2343 1465,2332 1439,2339 1417,2359 1369,2351 1352,2367 1331,2358 1314,2366 1277,2367 1233,2332 1198,2364 1181,2363 1139,2335 1094,2350 1076,2339 1061,2345 1031,2339 995,2359 955,2348 938,2361 925,2348 886,2358 855,2340 813,2367 788,2359 774,2369 751,2347 735,2347 723,2359 662,2359 638,2383 608,2391 590,2374 567,2375 550,2358 535,2367 517,2359 474,2359 436,2382 394,2354 343,2359 336,2352 307,2352 281,2374 263,2371 224,2407 202,2400"/>
            </Shape>
            <String ID="f4b5b5b7-fd5a-404c-ae83-1e251b681ed6-dummy-Word" HEIGHT="179" WIDTH="1788" HPOS="202" VPOS="2228" CONTENT="genaderd verblydeden wy ons reeds in het vooruitzigt van">
              <Shape>
                <Polygon POINTS="202,2275 220,2286 253,2286 269,2297 283,2283 300,2295 322,2279 354,2288 376,2271 389,2271 422,2292 486,2273 512,2294 576,2279 611,2308 643,2279 676,2286 714,2281 735,2302 754,2302 787,2271 816,2275 836,2260 912,2279 947,2256 992,2259 1005,2267 1017,2259 1064,2256 1097,2279 1120,2283 1142,2302 1190,2267 1223,2267 1241,2252 1262,2248 1319,2248 1331,2255 1364,2248 1379,2263 1409,2271 1448,2244 1530,2286 1570,2278 1589,2259 1598,2263 1616,2251 1677,2251 1701,2236 1727,2236 1763,2251 1784,2236 1799,2235 1814,2247 1829,2240 1871,2263 1889,2248 1908,2247 1943,2228 1957,2239 1967,2235 1990,2258 1990,2306 1957,2328 1912,2327 1896,2315 1819,2315 1807,2327 1797,2321 1775,2331 1751,2351 1709,2341 1697,2331 1675,2343 1658,2335 1635,2343 1601,2324 1581,2327 1551,2347 1527,2347 1515,2335 1481,2343 1465,2332 1439,2339 1417,2359 1369,2351 1352,2367 1331,2358 1314,2366 1277,2367 1233,2332 1198,2364 1181,2363 1139,2335 1094,2350 1076,2339 1061,2345 1031,2339 995,2359 955,2348 938,2361 925,2348 886,2358 855,2340 813,2367 788,2359 774,2369 751,2347 735,2347 723,2359 662,2359 638,2383 608,2391 590,2374 567,2375 550,2358 535,2367 517,2359 474,2359 436,2382 394,2354 343,2359 336,2352 307,2352 281,2374 263,2371 224,2407 202,2400"/>
              </Shape>
            </String>
          </TextLine>
          <TextLine ID="line_93cfc207-eee5-4618-9cda-df5e95f0fdd8" HEIGHT="175" WIDTH="1827" HPOS="207" VPOS="2313" STYLEREFS="textstyle-None---sans-serif---proportional---None---None---None">
            <Shape>
              <Polygon POINTS="207,2408 218,2414 257,2375 276,2376 305,2352 359,2359 393,2353 437,2380 507,2348 540,2349 567,2375 593,2368 618,2387 639,2383 663,2359 717,2360 735,2347 749,2348 783,2375 795,2363 814,2367 853,2340 868,2340 887,2359 901,2355 913,2363 919,2357 931,2369 953,2348 994,2359 1029,2340 1053,2343 1084,2332 1101,2332 1109,2340 1132,2332 1173,2351 1197,2340 1212,2351 1226,2340 1257,2351 1273,2367 1303,2367 1315,2355 1338,2367 1361,2359 1390,2367 1461,2332 1522,2359 1540,2342 1551,2347 1584,2325 1601,2323 1636,2343 1652,2332 1668,2344 1697,2331 1709,2341 1751,2351 1780,2328 1786,2331 1796,2321 1806,2327 1823,2313 1829,2319 1892,2320 1899,2327 1945,2324 1976,2344 1991,2334 2000,2343 2008,2336 2034,2336 2034,2383 1963,2436 1953,2431 1888,2444 1875,2432 1869,2438 1842,2427 1809,2439 1797,2427 1681,2428 1661,2416 1585,2441 1552,2436 1535,2452 1487,2463 1464,2482 1419,2455 1389,2463 1330,2444 1310,2456 1269,2455 1207,2423 1167,2423 1161,2429 1117,2419 1088,2429 1056,2452 1017,2451 999,2435 969,2436 961,2444 937,2440 925,2448 909,2440 889,2452 855,2451 824,2473 784,2476 760,2464 730,2479 712,2472 695,2486 636,2479 588,2488 560,2467 528,2467 511,2484 497,2475 468,2484 430,2463 400,2463 349,2484 323,2483 300,2469 277,2488 236,2488 224,2476 207,2475"/>
            </Shape>
            <String ID="line_93cfc207-eee5-4618-9cda-df5e95f0fdd8-dummy-Word" HEIGHT="175" WIDTH="1827" HPOS="207" VPOS="2313" CONTENT="spoedig de berg zelve te bereiken toen wij op eens van Mayer">
              <Shape>
                <Polygon POINTS="207,2408 218,2414 257,2375 276,2376 305,2352 359,2359 393,2353 437,2380 507,2348 540,2349 567,2375 593,2368 618,2387 639,2383 663,2359 717,2360 735,2347 749,2348 783,2375 795,2363 814,2367 853,2340 868,2340 887,2359 901,2355 913,2363 919,2357 931,2369 953,2348 994,2359 1029,2340 1053,2343 1084,2332 1101,2332 1109,2340 1132,2332 1173,2351 1197,2340 1212,2351 1226,2340 1257,2351 1273,2367 1303,2367 1315,2355 1338,2367 1361,2359 1390,2367 1461,2332 1522,2359 1540,2342 1551,2347 1584,2325 1601,2323 1636,2343 1652,2332 1668,2344 1697,2331 1709,2341 1751,2351 1780,2328 1786,2331 1796,2321 1806,2327 1823,2313 1829,2319 1892,2320 1899,2327 1945,2324 1976,2344 1991,2334 2000,2343 2008,2336 2034,2336 2034,2383 1963,2436 1953,2431 1888,2444 1875,2432 1869,2438 1842,2427 1809,2439 1797,2427 1681,2428 1661,2416 1585,2441 1552,2436 1535,2452 1487,2463 1464,2482 1419,2455 1389,2463 1330,2444 1310,2456 1269,2455 1207,2423 1167,2423 1161,2429 1117,2419 1088,2429 1056,2452 1017,2451 999,2435 969,2436 961,2444 937,2440 925,2448 909,2440 889,2452 855,2451 824,2473 784,2476 760,2464 730,2479 712,2472 695,2486 636,2479 588,2488 560,2467 528,2467 511,2484 497,2475 468,2484 430,2463 400,2463 349,2484 323,2483 300,2469 277,2488 236,2488 224,2476 207,2475"/>
              </Shape>
            </String>
          </TextLine>
        </TextBlock>
      </PrintSpace>
    </Page>
  </Layout>
</alto>
