2083 2540
1919 13 70 72 67.

175 38 1825 189 lykheid omtrent de wanonde, die ik reeds by voorraad weet dat in deezen

181 118 1782 159 zal heerschen dan vriend ik denk daar niet altyd aan, en schryf zoo als

176 211 1059 130 het my het eerst inde gedagten komt.

172 204 1768 223 De Stad Berlin is zeer ruim gebouwd voorzien van veele en grootte pleinen

178 327 1783 146 en door breede straten doorsneden, de rivier de Spreestroomt met ver=

175 383 1847 159 scheiden takken door de stad waar door noodwendig verscheiden brug

180 445 1745 170 gen vereischt worden; onder deeze is de lange brug merkwaardig

180 492 1840 188 inzonderheid door het keurig bewerkte rensachtige standsteeld te paard

177 572 1827 161 van den eersten Neurvorst Frederik Willem het is, even als het piedestal,

179 641 1808 174 dat van Schoone groepen onringd is, geheel van brons: op eene andere

174 710 1828 179 bang naby Konings paleis is men voornemens een standbeeld voor de

171 773 1811 169 overledene Generaal Balow van Dennewitz opterigten. Onder de pleinen

168 851 1842 178 muntten enzonderheid uit de hetplein voor het universiteito gebouw;

181 908 1847 193 de Lustgarten, waar het guannezoen gewoonlyk exerceert, de wilhelmg

187 986 1799 156 en Frederiksplaatzen op laatstgemelde vind men de standbeelden van

193 1063 1809 166 Sweren, Seidlikz, Keith, winterfeld en van ziethen alle meesterlyk uitge

188 1127 1806 161 voerd voorts vindt men nog eene menigte pleinen als de Gensd' arme

193 1191 1825 161 markt en andere wier namen ik niet gewaar ven geworden. De Fried=

195 1259 1788 167 richs strasse door kruist Berlyk in deszelfs geheele lengte tevens ook

197 1324 1800 171 door de zoogenaamde Zuiden gaande. Dit is verre weg het schoon=

198 1385 1824 171 se kwartier van de stad waar men byna niets dan paleizen ziet,

203 1462 1807 165 by het slot en Umiversiteit beginnende loopt dezelve tot de schoone

206 1525 1794 186 Baandenburger poort; eenige ryen Lindeboomen in het midden ge=

215 1601 1783 188 plaatst, waar het altijd wemelt van wandelaren, hebben de naam

203 1668 1817 197 aan dit Gedeelte der stad Gegeven: aan weerszyden der boomen blijft

209 1748 1817 187 voor de rytiigen en ook nog voor voetgangers eene groote mun¬

215 1820 1788 195 te over ook hier is het altijd even druk en levendig. Door twee

212 1899 1782 179 groote gebouwen een weinig zydelings afstaande, waarvan het een

207 1970 1826 181 een wagt en het andere een tolhuis is, ingesloten doch de Branden=

213 2037 1832 180 burgerpoort waarop de wagen der overwinning pronkt (zie No.) een

214 2116 1817 176 heerlyk effect staande juist voor de middelste zeer vreede laan

221 2178 1781 172 van de Linden. Dit meesterstuk der kunst, waarvan de 4 naast

227 2260 1815 182 elkanderen gespannene brouzen paarden voortreflijk zijn, heeft

0 2141 127 90 site

0 2220 99 84 s
