2083 2540
228 65 1758 132 A Nieuw Holland, zy legt aan de Potsdammerchansje een eind bui„

216 139 1765 120 en Berlyn by het dorpje Schondberg gelegen, bij ons vertrek uit heb

214 188 1815 143 en wy dezelve opgenomen en de wagen naar de herberg laten vooruit

206 255 1783 136 den. Het verwondert my zeer dat men hiertoe geen plaats in de

205 321 1807 161 ad heeft gevonden daar onder anderen agter het Universiteits=

205 391 1745 139 ebouw eene groote minute is waarin zeer zware bomen zyn

209 465 1739 133 oor aankoop zoude men mogelyk deeze agter of aan de zyden

213 524 1719 150 og vry wat kunnen uitbreiden, Het gebouw van de Charité

203 595 1750 158 daarin de medici clinisch onderwis van de verschillende

202 667 1767 159 Protessoren in hun vak bekomen, is naar het uiterlyke zeer Groot

221 746 1767 158 Aan een menigte zieken bevatten: onze reisgenoot de la Faille

211 819 1765 139 heeft hetzelve herhaalde reizen bezogt en er veele lessen en byge=

198 900 1812 150 woond: er kunnen volgens het zeggen van zyn Ed 800 zieker te ge„

194 963 1804 141 lyk en verzorgd worden. zoo zich gy myn vriend dat hier voor

191 1024 1816 162 te wetenschappen nog al iets gedaan wordt en de koning het be

193 1101 1756 139 ang der Academie wel ter harte neemt: ook waren zoo als

200 1175 1827 149 atuwrlyk is alle Professoren die wij gesproken hebben (in 't geheel

210 1256 1750 136 we volgens de ordo lectionum 41 gewone Hoogleeraren) ten

215 1324 1757 130 tersten voldaan: van de staden ten ten getale van 600 spraken

221 1401 1798 139 alleen eenen Heer Pheiffer uit Oostfriesland, die alleen door eenen

214 1466 1791 161 if van de Stad: Lange uit Gottingen van onze komet verwittigd,

205 1543 1807 162 hoor hy geen onzer keude of oost gezien had, ons overal ge=

200 1614 1836 162 ragt, ons op onze uitstapjes buiten Berlin vergezeld, kortom

200 1685 1760 162 zyne studicen er aan opofferende, gedurende de 5 dagen, die

200 1756 1786 170 by stil geweest zyn, ons byna geen oogenblik verlaten heeft:

193 1843 1801 162 veele verpligtingen hebben wy aan dezen vriendelyken Heer

187 1901 1823 166 zonder wien wij gewis veele dingen of niet, of zoo goed niet

185 1971 1848 186 zouden gezien hebben: dat het duelleren onder studenten hier

187 2059 1784 171 ook niet vreemd was zagen wy aan zyn Ed daar hy van een

194 2126 1842 169 landsman van ons eenen Roeet uit Arnhem zulk een gedugte

180 2224 1868 183 zo sabelhouw over de neus had die nog niet geheel gewezen was
