2083 2540
1075 37 772 136 Iena den 30 Augustus 1816.

629 176 271 122 Amice.

152 206 1839 235 wel heeft, Bongardt gelyk, als hi den weg door het Saksisch ertstgebergte

156 357 1824 145 als byna onbruikbaar beschryft, de tour toch, die wy van Freyberg tot hier

161 423 1767 143 hbben gedaan, is, uithoofde van de slegte wegen; waarvan gy n geen ide

160 508 1848 127 wut maken, volstrekt ondoenlyk; hadden wi onzen voorzigtigen voerman

151 575 1834 141 net gehad wy zouden gewis in die twee dagen ektelyke reizen zyn om

147 638 1807 137 gevallen: dan ik zal de draad van myn verhaal zeden t onze aan¬

150 718 1293 136 komst te Grombach afgebroken, weder opvatten.

153 759 1842 162 Den 7 lb van gemelde plaats vertrekkende passeerden wy zas een paar

148 854 1835 140 hooge bergen, die zeer steil afliepen, zoodat wy geduzig een blok onder

141 923 1782 145 len der agterste wielen moesten plaatsen, en kwamen daarna

145 989 1795 143 door de dorpen Mohurn, Russel en Niederscheine en arriveerden

146 1058 1831 148 om Huur te Freyberg aan, waarwy in het logement het kort afstap

148 1126 1824 145 len, en ons dizer bestelden: in de nabyheid van deeze stad bevogt Prins

152 1205 1780 140 Hendrik van Pruissen de laatste overwinning op de Oostenrykers,

152 1258 1854 173 die het einde van den zevenjarigen oorlog, en de vrede van Huberts

153 1336 1857 166 burg ten gevolge had. Dit stadje, waarin 10,000 inwoners zyn, is byzonder

158 1394 1823 173 merkwaardig wegens de zyke zilvermynen, die in deszelfs buurt Gevonden

155 1463 1818 170 worden terwyl Prof=s van Swinderen den Heer Hoogleeraa Werner ging op=

149 1545 1838 160 zoeken, bezogten wy drieen dezelve na ons alvorens van een Ealanbnis„

157 1625 1790 135 schein voorzien te hebben, gingen wy naar de ingang van de voor„

149 1700 1835 175 naamste groef de Himmelfakrt genaamd, en ontdeden ons hier

153 1776 1790 144 in het huis van den bergwerker van onze bovenkleederen wy

160 1855 1805 149 istegen een bergmanspak verwisselde; dit was nagenoeg als

164 1923 1824 153 te Clansthal, doch veel ruimer, de hoed of kap zonder tand was van

166 1997 1849 147 leder inplaats van vilt en wy hadden elk een lederen schootwel

164 2068 1790 139 van achteren van de lenden afhangende en met een ziem om het

165 2137 1845 168 lyf bevestigt: by onze vorige reis ende mynen bekwamen wi elk

159 2207 1810 165 eenen geleider, thans hadden wij slechts een onder ons drieen

166 2280 1826 163 doch daarentegen elk een lantaard aan het knoopsgat trange¬

0 2320 123 91 1817

0 1587 67 83 r

0 1669 51 56 ƒ

0 1737 64 63 is

0 1796 73 71 id

0 1866 134 100 ppen

0 1938 138 78 9

0 1992 104 72 er

0 2063 147 88 50,000

0 2125 138 110 erde

0 2210 132 74 mede
