2083 2540
1947 44 76 83 173

201 95 1834 123 bragt en gestadig tegen de hoogte opliep. Een paar honderd schreden achter

203 179 1747 100 dit geheel en al afgebrande thans egter weder opgebouwde dorp ziet

202 227 1806 98 men het monument dat aldaar den 14 November 1812 is opgerigt geworden

205 285 1821 120 op de plaats zelve waar Moreau gewond wierd (zie No) op eenige uwe steenen

208 346 1805 124 naast de ryweg is een groot stuk graniet gesteldt waarop een yzeren helm,

203 408 1836 117 swaard en eikenkrans; de plaats is in een circel afgestoken en met drie jonge

210 471 1789 138 liken beplant, derzelver vast is van orderen tot boven byna geheeft door eene

208 554 1297 117 menigte namen, ook het stuk steen waarop de woorden

748 622 272 82 Moreau

714 687 343 102 der steld

528 720 659 153 fiel hier ander Seite

671 813 366 89 Alexanders

576 854 563 123 den xxviI August

624 941 340 82 TIDCCCXIII

203 943 1746 173 is geheel met namen beschreven en bekrapt: de batterij van waar de

191 1074 1778 105 nootlottige kogel is geschoten, is ook nog in wezen en digt by Dreeden

195 1138 1816 124 welke stad de Franschen doen nog bezet hadden: het stagveld is ook reeds

187 1199 1789 141 geheel bebouwd van het dorp Reeknits heeft men het uitmuntendst

184 1259 1761 133 gezicht dat men zich kan uitdenken, het ligt op eene aanmerklyke

184 1331 1830 153 hoogte waar men byna ongevoelig opkomt, en van daar ziet men de

179 1396 1821 146 stad Dreeden met alle zijne heerlijke gebouwen in eene kom van bergen

182 1483 1828 138 geheel in de diepte leggen, schoon de afstand een goed uur is, gelooft men

179 1546 1844 147 van daar maar een, twee drie de stad te zullen vinnentreden doch ik be

190 1620 1787 144 ting en myn vriend dat my de wandeling geenzins verveelde in tegen

187 1687 1755 144 deel: ook nam ik op aanraden van den waard uit Reeknitz eene

181 1748 1856 161 andere terugweg aan zoodat ik de SeeThor in plaats van de Pernasche

180 1829 1794 137 poort inkwam. — Behalven de genoemde installatie en eenige vuur

185 1894 1754 157 werken, in het Zuikschebad aan de Elve afgestoken, zyn hier op de

177 1963 1858 171 naamdag geene andere festiviteiten Geweest, zelfs is het guarnizoen niet

181 2032 1821 182 in de wapen geweest. Doch houdt en hiermede voor het tegenswoordige

174 2111 1748 172 te vrede ik het Dreeden nog lang niet vaarwel gezegd zoodat gy

173 2188 1815 182 nog meer hieromtrent te verwagten hebt. Denk entusschen eens aan

1173 2265 727 138 uwen Oprechten vriend
