2057 2492
66 56 72 92 II

89 42 1798 154 tie van Prins August van Pruissen – Aankomst der Hollandsche reisge

46 125 1877 121 noten – Vertrek uit Munster – Beelden, Kruissen, Kapellen enz aan de

52 189 1862 135 weg – Telgt – Wonderdoend Mariabeeld – Anecdote betrekkelyk hetzel

42 253 1817 129 ve – Vervelende weg tot Wahrendorf – Slecht diner aldaar – Beele  –

62 311 1854 134 Clarholz – Herzebrock – Moeylykheid om een goed rytuig te bekomen –

57 373 1855 129 Aankomst te Neuenkirche – Zonderlinge ontvangst aldaar – Ellen

53 439 1857 161 dig rytuig tot Paderborn – Hauff – Stadje Neuhaus – Aankomst te

53 506 1860 140 Paderborn – Beschryving der Stad – Schoone domkerk – Lykfeest

55 571 1859 145 voor de gesneuvelde helden – Voornemen om nog dien dag tot Cassel

1592 642 279 125 te reizen – Bladz 7.

599 736 288 156 Brief III

250 826 988 164 Uit Cassel van den 7 July 1816.

70 960 1840 167 Vertrek van Paderborn – Schoone weg over 7 bergen – Uitmuntend gezigt

63 1082 1835 114 op Dornhagen – Grondsteinheim – Aankomst in het morsige stadje

69 1145 1813 116 Lichtenau – Tegenspoed en oponthoud aan het posthuis – Aankomst

64 1212 1802 116 der postwagen – Met een elendig rytuig Lichtenau verlaten – Slegte

65 1273 1759 117 voerman en wilde paarden – Schoone en afwisselende gezigten –

73 1334 1829 120 Kleinenberg – Het Hardehauserwoud – Eerste gezigt op den Desenberg –

101 1404 1805 121 Ossendorf niet Ocksendorf – Wandeling naar Warburg – Vertrek van

71 1473 1843 124 daar – Zeer digt langs den Desenberg gereden – Libenau – West Uffelen

84 1543 1722 110 Meinbitz en Kalken – Gezigt op den Hercules van Wilhelmshöhe –

76 1600 1851 125 Aankomst te cassel – Beschryving van de stad – Museum Fridericianum –

130 1667 1789 120 Bibliotheek – Inrigting van den Catalogus – Verzameling van schil

72 1734 1850 113 deryen op het paleis Bellevue – Onder Hieronymus zyn deeze schoo

64 1801 1845 105 ne vertrekken in danszalen veranderd – Paleis bellevue – Marme

67 1860 1800 117 ren bad – De Aue of Aue garten – Roomsche kerk – Brüder en

71 1928 1813 130 Domkerk – Kweekschool voor Onderwyzers – Keurvorst van Hessen

78 1999 1798 128 – Styve parade van het guarnizoen – Ligging en nadere beschry

76 2079 491 121 ving van Cassel –  Bladz 16.
