<?xml version='1.0' encoding='UTF-8' standalone='yes'?>
<alto xmlns:xsi="http://www.w3.org/2001/XMLSchema-instance" xmlns="http://www.loc.gov/standards/alto/ns-v4#" xsi:schemaLocation="http://www.loc.gov/standards/alto/ns-v4# http://www.loc.gov/standards/alto/v4/alto-4-2.xsd" SCHEMAVERSION="4.2">
  <Description>
    <MeasurementUnit>pixel</MeasurementUnit>
    <sourceImageInformation>
      <fileName>0174_0552_0179_0174.jpg</fileName>
    </sourceImageInformation>
  </Description>
  <Styles>
    <TextStyle ID="textstyle-None---sans-serif---proportional---None---None---None" FONTTYPE="sans-serif" FONTWIDTH="proportional"/>
  </Styles>
  <Tags/>
  <Layout>
    <Page ID="None" PHYSICAL_IMG_NR="0" WIDTH="2098" HEIGHT="2540">
      <PrintSpace VPOS="0" HPOS="0" HEIGHT="2540" WIDTH="2098">
        <TextBlock ID="region_7a76b2f7-be1e-409a-813f-65beb2f6dec6" HEIGHT="153" WIDTH="291" HPOS="300" VPOS="284" IDNEXT="region_46296432-84c5-4873-9fda-501636809fcf">
          <Shape>
            <Polygon POINTS="300,284 591,284 591,437 300,437"/>
          </Shape>
          <TextLine ID="line_35cf2231-14d9-45fd-b8c0-2948274d33e1" HEIGHT="108" WIDTH="267" HPOS="324" VPOS="284" STYLEREFS="textstyle-None---sans-serif---proportional---None---None---None">
            <Shape>
              <Polygon POINTS="324,296 350,301 376,291 390,299 412,295 420,303 439,303 446,296 488,295 518,284 530,295 553,299 582,326 591,324 591,361 583,369 545,377 522,362 499,381 486,373 466,392 424,358 350,354 324,366"/>
            </Shape>
            <String ID="line_35cf2231-14d9-45fd-b8c0-2948274d33e1-dummy-Word" HEIGHT="108" WIDTH="267" HPOS="324" VPOS="284" CONTENT="Koninglyke">
              <Shape>
                <Polygon POINTS="324,296 350,301 376,291 390,299 412,295 420,303 439,303 446,296 488,295 518,284 530,295 553,299 582,326 591,324 591,361 583,369 545,377 522,362 499,381 486,373 466,392 424,358 350,354 324,366"/>
              </Shape>
            </String>
          </TextLine>
          <TextLine ID="line_81656886-910d-45b1-89df-7628e5b51d4c" HEIGHT="82" WIDTH="280" HPOS="300" VPOS="355" STYLEREFS="textstyle-None---sans-serif---proportional---None---None---None">
            <Shape>
              <Polygon POINTS="300,362 327,368 345,386 383,355 397,361 425,356 459,365 476,379 489,372 503,379 520,365 551,380 566,371 580,382 580,418 535,418 506,437 457,410 408,406 392,421 378,413 324,425 300,413"/>
            </Shape>
            <String ID="line_81656886-910d-45b1-89df-7628e5b51d4c-dummy-Word" HEIGHT="82" WIDTH="280" HPOS="300" VPOS="355" CONTENT="Schouwburg">
              <Shape>
                <Polygon POINTS="300,362 327,368 345,386 383,355 397,361 425,356 459,365 476,379 489,372 503,379 520,365 551,380 566,371 580,382 580,418 535,418 506,437 457,410 408,406 392,421 378,413 324,425 300,413"/>
              </Shape>
            </String>
          </TextLine>
        </TextBlock>
        <TextBlock ID="region_46296432-84c5-4873-9fda-501636809fcf" HEIGHT="1728" WIDTH="1825" HPOS="271" VPOS="697" IDNEXT="f46aefbc-5ea2-4d88-9745-63e3f71893a6">
          <Shape>
            <Polygon POINTS="271,697 2096,697 2096,2425 271,2425"/>
          </Shape>
          <TextLine ID="line_3e06d2ca-2287-4d2d-bede-bb9fc873a511" HEIGHT="171" WIDTH="1722" HPOS="306" VPOS="697" STYLEREFS="textstyle-None---sans-serif---proportional---None---None---None">
            <Shape>
              <Polygon POINTS="306,699 359,699 391,717 411,709 431,725 467,697 507,721 541,717 567,725 604,718 615,729 639,720 662,740 722,737 748,752 773,733 804,739 838,732 849,741 877,737 903,744 936,764 964,752 983,765 1002,752 1032,759 1056,741 1096,757 1139,741 1161,749 1171,741 1207,749 1226,741 1261,749 1272,760 1329,749 1339,759 1378,756 1408,784 1450,800 1499,799 1519,790 1537,798 1548,788 1578,804 1606,788 1640,811 1673,811 1691,796 1739,800 1763,780 1798,780 1810,788 1828,772 1837,775 1871,757 1915,783 1932,780 1947,795 1969,788 1980,799 1998,799 2028,824 2028,860 2023,854 2006,866 1993,858 1978,865 1953,854 1931,854 1924,861 1915,854 1879,861 1871,854 1847,864 1815,861 1808,854 1781,861 1769,850 1748,865 1715,846 1677,846 1670,853 1640,850 1619,868 1586,858 1567,861 1541,839 1521,854 1489,861 1450,838 1422,842 1407,835 1396,846 1383,838 1344,846 1320,831 1289,831 1254,849 1242,841 1223,847 1202,842 1183,823 1163,831 1122,823 1080,842 1044,819 1027,830 988,822 975,831 954,815 939,815 931,823 904,819 879,834 859,814 845,811 794,811 769,826 753,811 741,818 729,811 695,835 678,831 660,838 620,830 596,814 548,830 493,796 471,803 464,797 445,803 437,796 420,803 412,796 387,814 370,803 349,815 306,821"/>
            </Shape>
            <String ID="line_3e06d2ca-2287-4d2d-bede-bb9fc873a511-dummy-Word" HEIGHT="171" WIDTH="1722" HPOS="306" VPOS="697" CONTENT="N5. Den 29 July 1817. des middags tusschen 12 en 3 uur brandde, ondanks">
              <Shape>
                <Polygon POINTS="306,699 359,699 391,717 411,709 431,725 467,697 507,721 541,717 567,725 604,718 615,729 639,720 662,740 722,737 748,752 773,733 804,739 838,732 849,741 877,737 903,744 936,764 964,752 983,765 1002,752 1032,759 1056,741 1096,757 1139,741 1161,749 1171,741 1207,749 1226,741 1261,749 1272,760 1329,749 1339,759 1378,756 1408,784 1450,800 1499,799 1519,790 1537,798 1548,788 1578,804 1606,788 1640,811 1673,811 1691,796 1739,800 1763,780 1798,780 1810,788 1828,772 1837,775 1871,757 1915,783 1932,780 1947,795 1969,788 1980,799 1998,799 2028,824 2028,860 2023,854 2006,866 1993,858 1978,865 1953,854 1931,854 1924,861 1915,854 1879,861 1871,854 1847,864 1815,861 1808,854 1781,861 1769,850 1748,865 1715,846 1677,846 1670,853 1640,850 1619,868 1586,858 1567,861 1541,839 1521,854 1489,861 1450,838 1422,842 1407,835 1396,846 1383,838 1344,846 1320,831 1289,831 1254,849 1242,841 1223,847 1202,842 1183,823 1163,831 1122,823 1080,842 1044,819 1027,830 988,822 975,831 954,815 939,815 931,823 904,819 879,834 859,814 845,811 794,811 769,826 753,811 741,818 729,811 695,835 678,831 660,838 620,830 596,814 548,830 493,796 471,803 464,797 445,803 437,796 420,803 412,796 387,814 370,803 349,815 306,821"/>
              </Shape>
            </String>
          </TextLine>
          <TextLine ID="line_2921bf51-0c4c-46b4-b9e8-6429b1522e17" HEIGHT="121" WIDTH="1702" HPOS="333" VPOS="797" STYLEREFS="textstyle-None---sans-serif---proportional---None---None---None">
            <Shape>
              <Polygon POINTS="333,817 339,813 353,824 365,812 374,819 381,812 386,816 410,797 437,797 446,804 493,797 546,831 594,812 606,824 631,824 645,836 667,836 689,820 742,807 767,821 799,809 829,817 854,809 900,813 928,824 946,813 964,828 990,820 1019,828 1046,825 1056,832 1066,828 1081,843 1126,821 1161,830 1185,824 1210,847 1252,836 1268,843 1293,828 1346,848 1373,834 1405,832 1418,840 1439,836 1478,863 1517,856 1536,840 1572,840 1621,868 1655,844 1725,848 1746,863 1767,852 1798,861 1809,852 1835,864 1861,864 1872,856 1949,856 1964,871 2006,860 2028,875 2035,872 2035,909 1994,906 1982,914 1966,906 1942,915 1932,906 1906,910 1896,902 1870,902 1857,909 1802,898 1775,898 1758,909 1722,898 1687,902 1673,913 1650,894 1632,894 1588,918 1556,891 1457,898 1435,887 1418,894 1370,886 1286,894 1276,886 1264,894 1237,879 1214,887 1186,877 1159,889 1140,883 1129,889 1114,874 1097,878 1089,871 1055,878 1021,901 1009,890 989,894 974,882 954,894 934,894 892,867 866,867 851,878 823,863 779,863 737,892 729,886 719,894 705,882 679,886 656,867 615,871 602,859 583,874 564,859 552,867 495,859 455,870 426,863 414,871 395,855 353,854 333,844"/>
            </Shape>
            <String ID="line_2921bf51-0c4c-46b4-b9e8-6429b1522e17-dummy-Word" HEIGHT="121" WIDTH="1702" HPOS="333" VPOS="797" CONTENT="alle aangewende moeite, deeze Nationale schouwburg, die voor 180, 000 st">
              <Shape>
                <Polygon POINTS="333,817 339,813 353,824 365,812 374,819 381,812 386,816 410,797 437,797 446,804 493,797 546,831 594,812 606,824 631,824 645,836 667,836 689,820 742,807 767,821 799,809 829,817 854,809 900,813 928,824 946,813 964,828 990,820 1019,828 1046,825 1056,832 1066,828 1081,843 1126,821 1161,830 1185,824 1210,847 1252,836 1268,843 1293,828 1346,848 1373,834 1405,832 1418,840 1439,836 1478,863 1517,856 1536,840 1572,840 1621,868 1655,844 1725,848 1746,863 1767,852 1798,861 1809,852 1835,864 1861,864 1872,856 1949,856 1964,871 2006,860 2028,875 2035,872 2035,909 1994,906 1982,914 1966,906 1942,915 1932,906 1906,910 1896,902 1870,902 1857,909 1802,898 1775,898 1758,909 1722,898 1687,902 1673,913 1650,894 1632,894 1588,918 1556,891 1457,898 1435,887 1418,894 1370,886 1286,894 1276,886 1264,894 1237,879 1214,887 1186,877 1159,889 1140,883 1129,889 1114,874 1097,878 1089,871 1055,878 1021,901 1009,890 989,894 974,882 954,894 934,894 892,867 866,867 851,878 823,863 779,863 737,892 729,886 719,894 705,882 679,886 656,867 615,871 602,859 583,874 564,859 552,867 495,859 455,870 426,863 414,871 395,855 353,854 333,844"/>
              </Shape>
            </String>
          </TextLine>
          <TextLine ID="line_39b5a501-8cac-41c4-81de-82e2d8eea8de" HEIGHT="140" WIDTH="1726" HPOS="324" VPOS="842" STYLEREFS="textstyle-None---sans-serif---proportional---None---None---None">
            <Shape>
              <Polygon POINTS="324,846 337,842 362,853 401,854 419,869 429,862 466,869 478,861 529,861 552,869 568,885 585,874 601,885 632,869 660,869 682,885 731,862 747,873 770,873 785,885 808,866 839,869 849,877 866,866 873,873 899,869 918,888 937,893 954,893 969,881 991,893 1010,889 1022,900 1056,874 1112,874 1127,889 1176,878 1199,885 1236,878 1265,893 1292,896 1300,889 1370,885 1391,897 1434,885 1457,900 1470,892 1491,900 1514,889 1553,893 1584,920 1642,893 1664,901 1673,897 1681,905 1730,897 1741,905 1819,917 1844,916 1870,901 1927,912 1955,905 1984,914 2032,904 2050,917 2050,952 2040,959 2021,955 1990,982 1977,982 1937,955 1817,958 1766,951 1753,959 1745,951 1711,951 1701,959 1671,948 1625,964 1581,944 1558,951 1532,951 1525,944 1470,951 1462,943 1405,940 1376,951 1348,936 1327,951 1312,939 1293,948 1269,944 1245,951 1217,944 1167,966 1143,947 1125,942 1111,948 1078,928 991,928 954,951 926,930 897,931 891,925 881,933 802,924 776,943 760,932 744,946 726,947 679,920 654,924 628,943 609,944 577,935 559,943 531,935 496,943 472,924 464,932 449,924 432,935 403,913 343,916 324,924"/>
            </Shape>
            <String ID="line_39b5a501-8cac-41c4-81de-82e2d8eea8de-dummy-Word" HEIGHT="140" WIDTH="1726" HPOS="324" VPOS="842" CONTENT="ler geassureerd was, tot de grond toe af, men berekent de schade op 5½ millio">
              <Shape>
                <Polygon POINTS="324,846 337,842 362,853 401,854 419,869 429,862 466,869 478,861 529,861 552,869 568,885 585,874 601,885 632,869 660,869 682,885 731,862 747,873 770,873 785,885 808,866 839,869 849,877 866,866 873,873 899,869 918,888 937,893 954,893 969,881 991,893 1010,889 1022,900 1056,874 1112,874 1127,889 1176,878 1199,885 1236,878 1265,893 1292,896 1300,889 1370,885 1391,897 1434,885 1457,900 1470,892 1491,900 1514,889 1553,893 1584,920 1642,893 1664,901 1673,897 1681,905 1730,897 1741,905 1819,917 1844,916 1870,901 1927,912 1955,905 1984,914 2032,904 2050,917 2050,952 2040,959 2021,955 1990,982 1977,982 1937,955 1817,958 1766,951 1753,959 1745,951 1711,951 1701,959 1671,948 1625,964 1581,944 1558,951 1532,951 1525,944 1470,951 1462,943 1405,940 1376,951 1348,936 1327,951 1312,939 1293,948 1269,944 1245,951 1217,944 1167,966 1143,947 1125,942 1111,948 1078,928 991,928 954,951 926,930 897,931 891,925 881,933 802,924 776,943 760,932 744,946 726,947 679,920 654,924 628,943 609,944 577,935 559,943 531,935 496,943 472,924 464,932 449,924 432,935 403,913 343,916 324,924"/>
              </Shape>
            </String>
          </TextLine>
          <TextLine ID="line_9c70bb75-888a-49a6-8a3e-5afd3b435ff3" HEIGHT="65" WIDTH="60" HPOS="2036" VPOS="821" STYLEREFS="textstyle-None---sans-serif---proportional---None---None---None">
            <Shape>
              <Polygon POINTS="2036,827 2079,821 2096,832 2092,873 2076,871 2061,886 2036,886"/>
            </Shape>
            <String ID="line_9c70bb75-888a-49a6-8a3e-5afd3b435ff3-word0" HEIGHT="65" WIDTH="60" HPOS="2036" VPOS="821" CONTENT=""/>
          </TextLine>
          <TextLine ID="line_0c9c2a56-2633-4935-9d90-0bbbcaa61a24" HEIGHT="120" WIDTH="1777" HPOS="316" VPOS="914" STYLEREFS="textstyle-None---sans-serif---proportional---None---None---None">
            <Shape>
              <Polygon POINTS="316,929 347,926 367,914 403,914 433,934 450,925 460,933 478,925 494,941 528,937 563,949 628,941 670,922 738,922 773,941 801,926 842,926 850,933 867,926 880,933 888,926 911,926 950,949 989,930 1058,930 1072,941 1097,939 1107,949 1121,941 1137,945 1168,968 1193,949 1218,945 1235,953 1271,941 1305,961 1342,941 1408,947 1418,957 1440,949 1467,953 1480,944 1497,949 1511,941 1560,957 1576,948 1590,956 1611,946 1638,957 1681,949 1702,960 1715,949 1742,949 1752,959 1766,952 1853,953 1890,960 1961,957 1976,967 1986,957 2007,967 2024,953 2040,957 2058,945 2093,974 2093,1011 2082,1022 2072,1016 2063,1022 2049,1011 2038,1022 2009,1026 2003,1020 1990,1030 1953,1022 1932,1031 1913,1015 1864,1026 1849,1015 1813,1015 1792,1025 1770,1007 1746,1011 1732,1022 1681,1014 1644,1023 1597,1004 1584,1015 1572,1007 1548,1023 1507,1000 1493,1000 1479,1014 1458,1015 1426,1034 1383,1000 1369,1011 1318,1003 1297,1011 1270,995 1233,1005 1209,992 1180,995 1169,988 1131,992 1103,1018 1081,1002 1061,1021 1016,986 994,1007 955,988 937,992 918,1011 899,1011 879,991 859,991 842,980 753,989 696,976 674,988 658,986 629,1008 582,996 546,1014 500,973 488,980 457,972 429,980 418,969 405,977 395,969 316,976"/>
            </Shape>
            <String ID="line_0c9c2a56-2633-4935-9d90-0bbbcaa61a24-dummy-Word" HEIGHT="120" WIDTH="1777" HPOS="316" VPOS="914" CONTENT="Thaler: een jong Tonaellist Carlsberg genaamd, die nog iets uit de Directie kamer iet">
              <Shape>
                <Polygon POINTS="316,929 347,926 367,914 403,914 433,934 450,925 460,933 478,925 494,941 528,937 563,949 628,941 670,922 738,922 773,941 801,926 842,926 850,933 867,926 880,933 888,926 911,926 950,949 989,930 1058,930 1072,941 1097,939 1107,949 1121,941 1137,945 1168,968 1193,949 1218,945 1235,953 1271,941 1305,961 1342,941 1408,947 1418,957 1440,949 1467,953 1480,944 1497,949 1511,941 1560,957 1576,948 1590,956 1611,946 1638,957 1681,949 1702,960 1715,949 1742,949 1752,959 1766,952 1853,953 1890,960 1961,957 1976,967 1986,957 2007,967 2024,953 2040,957 2058,945 2093,974 2093,1011 2082,1022 2072,1016 2063,1022 2049,1011 2038,1022 2009,1026 2003,1020 1990,1030 1953,1022 1932,1031 1913,1015 1864,1026 1849,1015 1813,1015 1792,1025 1770,1007 1746,1011 1732,1022 1681,1014 1644,1023 1597,1004 1584,1015 1572,1007 1548,1023 1507,1000 1493,1000 1479,1014 1458,1015 1426,1034 1383,1000 1369,1011 1318,1003 1297,1011 1270,995 1233,1005 1209,992 1180,995 1169,988 1131,992 1103,1018 1081,1002 1061,1021 1016,986 994,1007 955,988 937,992 918,1011 899,1011 879,991 859,991 842,980 753,989 696,976 674,988 658,986 629,1008 582,996 546,1014 500,973 488,980 457,972 429,980 418,969 405,977 395,969 316,976"/>
              </Shape>
            </String>
          </TextLine>
          <TextLine ID="fdf02aa4-31c2-4761-a56f-2fecc01b8353" HEIGHT="133" WIDTH="1788" HPOS="308" VPOS="968" STYLEREFS="textstyle-None---sans-serif---proportional---None---None---None">
            <Shape>
              <Polygon POINTS="308,972 320,979 354,968 394,968 405,977 417,968 428,979 446,971 477,979 499,972 546,1015 589,988 604,990 629,1009 654,988 714,976 731,988 753,989 841,980 859,991 869,988 896,1015 961,996 979,995 988,1003 1004,988 1016,987 1060,1020 1081,1003 1103,1019 1140,988 1169,988 1188,1004 1202,992 1232,1006 1270,996 1300,1012 1316,1003 1367,1012 1383,1001 1420,1032 1438,1032 1459,1015 1477,1015 1492,1000 1508,1000 1549,1024 1571,1008 1584,1015 1597,1004 1628,1008 1646,1024 1683,1013 1731,1023 1763,1008 1791,1025 1827,1014 1847,1015 1861,1027 1891,1027 1908,1015 1931,1031 1952,1023 1991,1028 2003,1020 2038,1027 2054,1017 2079,1023 2096,1040 2096,1077 2056,1101 2022,1081 2008,1093 1995,1092 1972,1071 1904,1073 1880,1066 1851,1074 1838,1066 1820,1073 1764,1062 1741,1069 1697,1062 1660,1093 1603,1058 1588,1058 1568,1077 1550,1077 1533,1066 1481,1077 1449,1054 1412,1054 1379,1077 1335,1069 1312,1074 1304,1068 1288,1070 1272,1086 1233,1058 1224,1063 1215,1056 1203,1065 1191,1053 1172,1055 1161,1046 1112,1046 1101,1057 1064,1055 1017,1077 993,1078 941,1042 905,1053 884,1043 840,1039 829,1046 804,1039 770,1057 756,1047 750,1053 740,1047 723,1058 706,1050 689,1053 657,1031 609,1046 568,1031 551,1046 506,1027 308,1026"/>
            </Shape>
            <String ID="fdf02aa4-31c2-4761-a56f-2fecc01b8353-dummy-Word" HEIGHT="133" WIDTH="1788" HPOS="308" VPOS="968" CONTENT="de redden, verloor er het leven bij. Niet alleen de schouwburg met alle deezelfs la">
              <Shape>
                <Polygon POINTS="308,972 320,979 354,968 394,968 405,977 417,968 428,979 446,971 477,979 499,972 546,1015 589,988 604,990 629,1009 654,988 714,976 731,988 753,989 841,980 859,991 869,988 896,1015 961,996 979,995 988,1003 1004,988 1016,987 1060,1020 1081,1003 1103,1019 1140,988 1169,988 1188,1004 1202,992 1232,1006 1270,996 1300,1012 1316,1003 1367,1012 1383,1001 1420,1032 1438,1032 1459,1015 1477,1015 1492,1000 1508,1000 1549,1024 1571,1008 1584,1015 1597,1004 1628,1008 1646,1024 1683,1013 1731,1023 1763,1008 1791,1025 1827,1014 1847,1015 1861,1027 1891,1027 1908,1015 1931,1031 1952,1023 1991,1028 2003,1020 2038,1027 2054,1017 2079,1023 2096,1040 2096,1077 2056,1101 2022,1081 2008,1093 1995,1092 1972,1071 1904,1073 1880,1066 1851,1074 1838,1066 1820,1073 1764,1062 1741,1069 1697,1062 1660,1093 1603,1058 1588,1058 1568,1077 1550,1077 1533,1066 1481,1077 1449,1054 1412,1054 1379,1077 1335,1069 1312,1074 1304,1068 1288,1070 1272,1086 1233,1058 1224,1063 1215,1056 1203,1065 1191,1053 1172,1055 1161,1046 1112,1046 1101,1057 1064,1055 1017,1077 993,1078 941,1042 905,1053 884,1043 840,1039 829,1046 804,1039 770,1057 756,1047 750,1053 740,1047 723,1058 706,1050 689,1053 657,1031 609,1046 568,1031 551,1046 506,1027 308,1026"/>
              </Shape>
            </String>
          </TextLine>
          <TextLine ID="line_322f936c-bb9e-4b2f-8269-9ee98b3da3a4" HEIGHT="149" WIDTH="1773" HPOS="300" VPOS="1005" STYLEREFS="textstyle-None---sans-serif---proportional---None---None---None">
            <Shape>
              <Polygon POINTS="300,1005 324,1025 505,1025 548,1044 599,1041 632,1049 668,1037 677,1044 690,1033 713,1040 746,1033 754,1041 770,1037 786,1049 804,1037 817,1048 853,1040 897,1044 905,1052 937,1041 968,1068 989,1076 1017,1076 1049,1061 1096,1068 1128,1045 1164,1045 1199,1060 1243,1060 1271,1085 1289,1069 1301,1068 1381,1076 1413,1053 1449,1053 1481,1076 1532,1065 1568,1077 1589,1057 1601,1057 1616,1072 1622,1068 1635,1081 1645,1077 1660,1092 1697,1061 1723,1061 1736,1069 1755,1061 1788,1061 1820,1072 1836,1065 1850,1073 1866,1068 1900,1096 1911,1085 1928,1092 1952,1072 1972,1070 1992,1089 2007,1092 2024,1081 2073,1103 2073,1139 2052,1150 2012,1135 1985,1154 1944,1127 1924,1147 1895,1131 1867,1150 1852,1139 1839,1150 1796,1129 1764,1142 1724,1139 1696,1147 1668,1123 1643,1130 1605,1115 1580,1134 1568,1122 1548,1119 1540,1125 1531,1119 1518,1126 1493,1111 1454,1127 1400,1127 1376,1140 1334,1119 1309,1127 1293,1119 1280,1132 1245,1118 1217,1118 1208,1126 1189,1122 1143,1138 1117,1134 1087,1104 1049,1130 1025,1126 993,1102 961,1115 919,1102 888,1119 845,1095 830,1107 817,1102 805,1111 785,1102 750,1110 697,1103 672,1119 633,1110 603,1087 579,1102 558,1090 530,1093 522,1087 514,1095 478,1091 434,1106 405,1082 342,1079 325,1091 306,1082 300,1087"/>
            </Shape>
            <String ID="line_322f936c-bb9e-4b2f-8269-9ee98b3da3a4-dummy-Word" HEIGHT="149" WIDTH="1773" HPOS="300" VPOS="1005" CONTENT="decoraties, eene garde robe wier gelyken in pracht en volmaaktheid met zegen">
              <Shape>
                <Polygon POINTS="300,1005 324,1025 505,1025 548,1044 599,1041 632,1049 668,1037 677,1044 690,1033 713,1040 746,1033 754,1041 770,1037 786,1049 804,1037 817,1048 853,1040 897,1044 905,1052 937,1041 968,1068 989,1076 1017,1076 1049,1061 1096,1068 1128,1045 1164,1045 1199,1060 1243,1060 1271,1085 1289,1069 1301,1068 1381,1076 1413,1053 1449,1053 1481,1076 1532,1065 1568,1077 1589,1057 1601,1057 1616,1072 1622,1068 1635,1081 1645,1077 1660,1092 1697,1061 1723,1061 1736,1069 1755,1061 1788,1061 1820,1072 1836,1065 1850,1073 1866,1068 1900,1096 1911,1085 1928,1092 1952,1072 1972,1070 1992,1089 2007,1092 2024,1081 2073,1103 2073,1139 2052,1150 2012,1135 1985,1154 1944,1127 1924,1147 1895,1131 1867,1150 1852,1139 1839,1150 1796,1129 1764,1142 1724,1139 1696,1147 1668,1123 1643,1130 1605,1115 1580,1134 1568,1122 1548,1119 1540,1125 1531,1119 1518,1126 1493,1111 1454,1127 1400,1127 1376,1140 1334,1119 1309,1127 1293,1119 1280,1132 1245,1118 1217,1118 1208,1126 1189,1122 1143,1138 1117,1134 1087,1104 1049,1130 1025,1126 993,1102 961,1115 919,1102 888,1119 845,1095 830,1107 817,1102 805,1111 785,1102 750,1110 697,1103 672,1119 633,1110 603,1087 579,1102 558,1090 530,1093 522,1087 514,1095 478,1091 434,1106 405,1082 342,1079 325,1091 306,1082 300,1087"/>
              </Shape>
            </String>
          </TextLine>
          <TextLine ID="a51b1e0f-53e2-4a79-ad1f-4c6c11f8c385" HEIGHT="116" WIDTH="1719" HPOS="295" VPOS="1079" STYLEREFS="textstyle-None---sans-serif---proportional---None---None---None">
            <Shape>
              <Polygon POINTS="295,1090 305,1086 321,1093 341,1079 402,1083 429,1106 496,1090 510,1098 522,1087 572,1102 606,1090 633,1110 653,1110 672,1121 689,1106 741,1110 750,1102 785,1102 800,1117 815,1102 829,1106 848,1095 887,1118 907,1102 939,1107 950,1117 974,1102 993,1102 1027,1126 1053,1130 1086,1106 1124,1135 1157,1106 1178,1105 1207,1122 1256,1121 1279,1132 1289,1122 1306,1129 1337,1121 1368,1142 1401,1126 1428,1131 1438,1122 1455,1126 1486,1114 1530,1114 1540,1124 1566,1114 1597,1121 1663,1118 1688,1141 1707,1138 1716,1145 1743,1138 1760,1145 1781,1130 1805,1133 1821,1122 1922,1122 1967,1142 1988,1137 2000,1148 2008,1140 2014,1146 2014,1183 1998,1191 1986,1184 1955,1184 1947,1191 1936,1180 1892,1180 1880,1192 1840,1195 1826,1181 1816,1191 1795,1191 1760,1176 1722,1187 1704,1180 1696,1188 1689,1182 1678,1188 1636,1175 1623,1180 1559,1173 1529,1180 1520,1173 1503,1180 1484,1169 1460,1175 1437,1169 1423,1179 1413,1169 1372,1173 1333,1165 1320,1174 1298,1165 1264,1165 1236,1187 1208,1161 1181,1165 1168,1176 1119,1180 1082,1157 1056,1157 1020,1184 984,1157 971,1157 938,1180 917,1180 909,1172 877,1172 833,1153 794,1184 758,1160 740,1170 725,1157 687,1157 679,1149 652,1170 641,1163 621,1172 580,1141 553,1153 497,1141 481,1157 440,1138 421,1145 413,1138 313,1134 295,1149"/>
            </Shape>
            <String ID="a51b1e0f-53e2-4a79-ad1f-4c6c11f8c385-dummy-Word" HEIGHT="116" WIDTH="1719" HPOS="295" VPOS="1079" CONTENT="den was, boekery muzykverzameling enz: maar ook de schoone concertzaal">
              <Shape>
                <Polygon POINTS="295,1090 305,1086 321,1093 341,1079 402,1083 429,1106 496,1090 510,1098 522,1087 572,1102 606,1090 633,1110 653,1110 672,1121 689,1106 741,1110 750,1102 785,1102 800,1117 815,1102 829,1106 848,1095 887,1118 907,1102 939,1107 950,1117 974,1102 993,1102 1027,1126 1053,1130 1086,1106 1124,1135 1157,1106 1178,1105 1207,1122 1256,1121 1279,1132 1289,1122 1306,1129 1337,1121 1368,1142 1401,1126 1428,1131 1438,1122 1455,1126 1486,1114 1530,1114 1540,1124 1566,1114 1597,1121 1663,1118 1688,1141 1707,1138 1716,1145 1743,1138 1760,1145 1781,1130 1805,1133 1821,1122 1922,1122 1967,1142 1988,1137 2000,1148 2008,1140 2014,1146 2014,1183 1998,1191 1986,1184 1955,1184 1947,1191 1936,1180 1892,1180 1880,1192 1840,1195 1826,1181 1816,1191 1795,1191 1760,1176 1722,1187 1704,1180 1696,1188 1689,1182 1678,1188 1636,1175 1623,1180 1559,1173 1529,1180 1520,1173 1503,1180 1484,1169 1460,1175 1437,1169 1423,1179 1413,1169 1372,1173 1333,1165 1320,1174 1298,1165 1264,1165 1236,1187 1208,1161 1181,1165 1168,1176 1119,1180 1082,1157 1056,1157 1020,1184 984,1157 971,1157 938,1180 917,1180 909,1172 877,1172 833,1153 794,1184 758,1160 740,1170 725,1157 687,1157 679,1149 652,1170 641,1163 621,1172 580,1141 553,1153 497,1141 481,1157 440,1138 421,1145 413,1138 313,1134 295,1149"/>
              </Shape>
            </String>
          </TextLine>
          <TextLine ID="line_64e16d87-8463-45f9-ba3a-f6d1f2566750" HEIGHT="125" WIDTH="1739" HPOS="291" VPOS="1136" STYLEREFS="textstyle-None---sans-serif---proportional---None---None---None">
            <Shape>
              <Polygon POINTS="291,1151 308,1139 373,1151 389,1136 442,1140 453,1151 481,1156 495,1143 515,1140 537,1155 569,1155 590,1144 613,1162 644,1163 651,1170 672,1151 703,1163 727,1159 737,1167 761,1159 793,1183 836,1152 856,1171 907,1171 934,1183 981,1155 1005,1174 1028,1178 1050,1159 1084,1159 1116,1183 1183,1170 1217,1190 1239,1186 1262,1167 1286,1163 1316,1170 1361,1167 1369,1175 1412,1167 1424,1179 1440,1167 1456,1175 1495,1171 1512,1180 1524,1174 1533,1181 1552,1172 1593,1171 1616,1179 1647,1175 1677,1187 1688,1180 1696,1187 1704,1179 1721,1187 1754,1175 1764,1183 1801,1183 1818,1194 1862,1191 1873,1197 1891,1183 1904,1181 1914,1190 1938,1182 1954,1191 1971,1189 1980,1198 2002,1187 2011,1195 2027,1191 2030,1231 1996,1245 1977,1241 1947,1260 1920,1237 1903,1233 1885,1233 1873,1244 1864,1236 1847,1241 1832,1233 1811,1252 1800,1249 1782,1260 1755,1245 1684,1237 1641,1261 1625,1253 1602,1261 1568,1237 1537,1229 1489,1237 1480,1229 1460,1229 1426,1249 1405,1234 1384,1241 1361,1225 1342,1232 1332,1222 1319,1222 1306,1235 1261,1222 1224,1249 1213,1249 1171,1218 1143,1233 1128,1218 1116,1222 1093,1214 1078,1221 1071,1214 943,1217 926,1210 917,1217 906,1206 825,1206 816,1215 807,1206 789,1213 769,1202 756,1213 730,1202 679,1202 658,1221 639,1222 604,1198 554,1198 537,1213 528,1209 513,1217 485,1212 460,1195 439,1209 418,1194 396,1198 386,1190 360,1203 323,1190 306,1206 291,1206"/>
            </Shape>
            <String ID="line_64e16d87-8463-45f9-ba3a-f6d1f2566750-dummy-Word" HEIGHT="125" WIDTH="1739" HPOS="291" VPOS="1136" CONTENT="met de zich daarin bevindende muzyk instrumenten zyn een prooy dero">
              <Shape>
                <Polygon POINTS="291,1151 308,1139 373,1151 389,1136 442,1140 453,1151 481,1156 495,1143 515,1140 537,1155 569,1155 590,1144 613,1162 644,1163 651,1170 672,1151 703,1163 727,1159 737,1167 761,1159 793,1183 836,1152 856,1171 907,1171 934,1183 981,1155 1005,1174 1028,1178 1050,1159 1084,1159 1116,1183 1183,1170 1217,1190 1239,1186 1262,1167 1286,1163 1316,1170 1361,1167 1369,1175 1412,1167 1424,1179 1440,1167 1456,1175 1495,1171 1512,1180 1524,1174 1533,1181 1552,1172 1593,1171 1616,1179 1647,1175 1677,1187 1688,1180 1696,1187 1704,1179 1721,1187 1754,1175 1764,1183 1801,1183 1818,1194 1862,1191 1873,1197 1891,1183 1904,1181 1914,1190 1938,1182 1954,1191 1971,1189 1980,1198 2002,1187 2011,1195 2027,1191 2030,1231 1996,1245 1977,1241 1947,1260 1920,1237 1903,1233 1885,1233 1873,1244 1864,1236 1847,1241 1832,1233 1811,1252 1800,1249 1782,1260 1755,1245 1684,1237 1641,1261 1625,1253 1602,1261 1568,1237 1537,1229 1489,1237 1480,1229 1460,1229 1426,1249 1405,1234 1384,1241 1361,1225 1342,1232 1332,1222 1319,1222 1306,1235 1261,1222 1224,1249 1213,1249 1171,1218 1143,1233 1128,1218 1116,1222 1093,1214 1078,1221 1071,1214 943,1217 926,1210 917,1217 906,1206 825,1206 816,1215 807,1206 789,1213 769,1202 756,1213 730,1202 679,1202 658,1221 639,1222 604,1198 554,1198 537,1213 528,1209 513,1217 485,1212 460,1195 439,1209 418,1194 396,1198 386,1190 360,1203 323,1190 306,1206 291,1206"/>
              </Shape>
            </String>
          </TextLine>
          <TextLine ID="c92873d1-ecd3-4bb5-bce8-a41dc5641692" HEIGHT="140" WIDTH="1790" HPOS="293" VPOS="1184" STYLEREFS="textstyle-None---sans-serif---proportional---None---None---None">
            <Shape>
              <Polygon POINTS="293,1184 307,1195 340,1191 382,1208 420,1195 445,1203 458,1192 491,1212 557,1211 598,1196 639,1223 655,1223 690,1200 730,1200 754,1215 782,1204 968,1208 997,1225 1025,1211 1092,1215 1106,1225 1122,1215 1163,1215 1190,1227 1214,1250 1261,1222 1304,1238 1325,1225 1346,1231 1369,1223 1385,1239 1406,1234 1420,1247 1458,1231 1487,1239 1501,1228 1529,1227 1555,1231 1603,1259 1627,1255 1635,1262 1689,1238 1749,1248 1761,1243 1777,1257 1865,1236 1910,1255 1922,1244 1942,1259 1988,1255 2032,1219 2078,1262 2083,1257 2083,1292 2068,1301 2047,1297 2018,1324 1971,1293 1958,1302 1946,1293 1913,1293 1905,1301 1897,1293 1878,1293 1866,1305 1849,1296 1826,1301 1811,1293 1785,1305 1767,1289 1751,1289 1720,1313 1688,1289 1662,1296 1617,1285 1609,1293 1592,1297 1582,1289 1570,1297 1557,1285 1490,1289 1466,1281 1445,1293 1409,1285 1393,1297 1353,1277 1327,1285 1320,1278 1308,1284 1250,1274 1232,1288 1216,1274 1201,1274 1190,1284 1174,1277 1166,1285 1148,1270 1109,1270 1103,1276 1096,1270 1064,1274 1050,1266 1029,1281 1017,1269 975,1266 949,1277 937,1265 900,1269 879,1289 866,1289 841,1269 829,1273 807,1258 751,1258 733,1265 719,1257 701,1268 689,1261 661,1265 638,1254 606,1265 563,1261 552,1250 534,1257 526,1250 489,1254 477,1246 463,1246 424,1277 393,1246 378,1250 364,1242 353,1248 333,1242 293,1269"/>
            </Shape>
            <String ID="c92873d1-ecd3-4bb5-bce8-a41dc5641692-dummy-Word" HEIGHT="140" WIDTH="1790" HPOS="293" VPOS="1184" CONTENT="men geworden. Men weet te niet hoe de brand ontstaan is: zy openbaard op">
              <Shape>
                <Polygon POINTS="293,1184 307,1195 340,1191 382,1208 420,1195 445,1203 458,1192 491,1212 557,1211 598,1196 639,1223 655,1223 690,1200 730,1200 754,1215 782,1204 968,1208 997,1225 1025,1211 1092,1215 1106,1225 1122,1215 1163,1215 1190,1227 1214,1250 1261,1222 1304,1238 1325,1225 1346,1231 1369,1223 1385,1239 1406,1234 1420,1247 1458,1231 1487,1239 1501,1228 1529,1227 1555,1231 1603,1259 1627,1255 1635,1262 1689,1238 1749,1248 1761,1243 1777,1257 1865,1236 1910,1255 1922,1244 1942,1259 1988,1255 2032,1219 2078,1262 2083,1257 2083,1292 2068,1301 2047,1297 2018,1324 1971,1293 1958,1302 1946,1293 1913,1293 1905,1301 1897,1293 1878,1293 1866,1305 1849,1296 1826,1301 1811,1293 1785,1305 1767,1289 1751,1289 1720,1313 1688,1289 1662,1296 1617,1285 1609,1293 1592,1297 1582,1289 1570,1297 1557,1285 1490,1289 1466,1281 1445,1293 1409,1285 1393,1297 1353,1277 1327,1285 1320,1278 1308,1284 1250,1274 1232,1288 1216,1274 1201,1274 1190,1284 1174,1277 1166,1285 1148,1270 1109,1270 1103,1276 1096,1270 1064,1274 1050,1266 1029,1281 1017,1269 975,1266 949,1277 937,1265 900,1269 879,1289 866,1289 841,1269 829,1273 807,1258 751,1258 733,1265 719,1257 701,1268 689,1261 661,1265 638,1254 606,1265 563,1261 552,1250 534,1257 526,1250 489,1254 477,1246 463,1246 424,1277 393,1246 378,1250 364,1242 353,1248 333,1242 293,1269"/>
              </Shape>
            </String>
          </TextLine>
          <TextLine ID="line_3afb0b7d-98f4-4fac-87d9-4e938d55ccb6" HEIGHT="51" WIDTH="51" HPOS="2038" VPOS="1170" STYLEREFS="textstyle-None---sans-serif---proportional---None---None---None">
            <Shape>
              <Polygon POINTS="2038,1174 2048,1178 2064,1170 2082,1182 2089,1176 2089,1211 2051,1221 2038,1210"/>
            </Shape>
            <String ID="line_3afb0b7d-98f4-4fac-87d9-4e938d55ccb6-dummy-Word" HEIGHT="51" WIDTH="51" HPOS="2038" VPOS="1170" CONTENT="a">
              <Shape>
                <Polygon POINTS="2038,1174 2048,1178 2064,1170 2082,1182 2089,1176 2089,1211 2051,1221 2038,1210"/>
              </Shape>
            </String>
          </TextLine>
          <TextLine ID="fca3b4fd-18fa-4df8-acb7-100984a3d0d8" HEIGHT="131" WIDTH="1786" HPOS="292" VPOS="1243" STYLEREFS="textstyle-None---sans-serif---proportional---None---None---None">
            <Shape>
              <Polygon POINTS="292,1243 345,1243 369,1263 396,1248 423,1275 462,1247 479,1247 490,1258 510,1247 529,1247 537,1255 554,1251 567,1263 586,1257 619,1263 641,1252 661,1265 683,1258 698,1267 724,1255 744,1261 778,1255 809,1259 828,1271 850,1271 862,1259 878,1259 898,1263 928,1290 941,1290 966,1267 985,1263 993,1270 1017,1269 1049,1288 1078,1270 1098,1270 1109,1279 1121,1271 1147,1271 1187,1283 1207,1271 1222,1279 1317,1275 1333,1282 1358,1279 1373,1294 1393,1298 1419,1290 1444,1295 1479,1283 1530,1294 1549,1284 1569,1298 1582,1290 1592,1298 1644,1288 1658,1295 1674,1287 1694,1294 1712,1289 1733,1305 1750,1291 1766,1291 1784,1306 1801,1294 1850,1302 1880,1291 1907,1299 1931,1291 1953,1302 1972,1294 1989,1310 2029,1318 2059,1341 2078,1323 2078,1359 2062,1368 2034,1361 2013,1364 2004,1373 1997,1366 1952,1374 1940,1362 1931,1368 1923,1360 1911,1368 1890,1357 1868,1368 1848,1354 1836,1365 1797,1373 1776,1359 1765,1364 1739,1353 1692,1368 1669,1348 1637,1357 1613,1341 1586,1352 1549,1341 1509,1366 1471,1340 1441,1337 1425,1344 1413,1334 1387,1333 1351,1364 1331,1345 1321,1348 1314,1341 1295,1340 1275,1360 1255,1344 1238,1352 1225,1340 1201,1348 1187,1341 1170,1349 1159,1341 1138,1341 1121,1325 1085,1344 1041,1321 1016,1321 998,1337 978,1333 971,1340 944,1341 913,1320 883,1344 851,1356 812,1317 796,1317 784,1329 768,1313 739,1313 732,1320 701,1313 688,1321 672,1310 660,1317 647,1310 632,1316 594,1310 578,1320 560,1306 525,1314 487,1306 467,1317 441,1302 409,1325 361,1317 349,1305 311,1305 292,1317"/>
            </Shape>
            <String ID="fca3b4fd-18fa-4df8-acb7-100984a3d0d8-dummy-Word" HEIGHT="131" WIDTH="1786" HPOS="292" VPOS="1243" CONTENT="zich het eerst in het agterste deel des schouwburgs zoo dat de Actens,">
              <Shape>
                <Polygon POINTS="292,1243 345,1243 369,1263 396,1248 423,1275 462,1247 479,1247 490,1258 510,1247 529,1247 537,1255 554,1251 567,1263 586,1257 619,1263 641,1252 661,1265 683,1258 698,1267 724,1255 744,1261 778,1255 809,1259 828,1271 850,1271 862,1259 878,1259 898,1263 928,1290 941,1290 966,1267 985,1263 993,1270 1017,1269 1049,1288 1078,1270 1098,1270 1109,1279 1121,1271 1147,1271 1187,1283 1207,1271 1222,1279 1317,1275 1333,1282 1358,1279 1373,1294 1393,1298 1419,1290 1444,1295 1479,1283 1530,1294 1549,1284 1569,1298 1582,1290 1592,1298 1644,1288 1658,1295 1674,1287 1694,1294 1712,1289 1733,1305 1750,1291 1766,1291 1784,1306 1801,1294 1850,1302 1880,1291 1907,1299 1931,1291 1953,1302 1972,1294 1989,1310 2029,1318 2059,1341 2078,1323 2078,1359 2062,1368 2034,1361 2013,1364 2004,1373 1997,1366 1952,1374 1940,1362 1931,1368 1923,1360 1911,1368 1890,1357 1868,1368 1848,1354 1836,1365 1797,1373 1776,1359 1765,1364 1739,1353 1692,1368 1669,1348 1637,1357 1613,1341 1586,1352 1549,1341 1509,1366 1471,1340 1441,1337 1425,1344 1413,1334 1387,1333 1351,1364 1331,1345 1321,1348 1314,1341 1295,1340 1275,1360 1255,1344 1238,1352 1225,1340 1201,1348 1187,1341 1170,1349 1159,1341 1138,1341 1121,1325 1085,1344 1041,1321 1016,1321 998,1337 978,1333 971,1340 944,1341 913,1320 883,1344 851,1356 812,1317 796,1317 784,1329 768,1313 739,1313 732,1320 701,1313 688,1321 672,1310 660,1317 647,1310 632,1316 594,1310 578,1320 560,1306 525,1314 487,1306 467,1317 441,1302 409,1325 361,1317 349,1305 311,1305 292,1317"/>
              </Shape>
            </String>
          </TextLine>
          <TextLine ID="dbc9aac7-f6f5-4f89-8c2a-54023b739c7d" HEIGHT="128" WIDTH="1724" HPOS="302" VPOS="1302" STYLEREFS="textstyle-None---sans-serif---proportional---None---None---None">
            <Shape>
              <Polygon POINTS="302,1313 314,1305 368,1317 398,1302 421,1316 433,1304 447,1304 468,1316 480,1313 491,1324 507,1324 548,1305 574,1319 594,1309 615,1309 622,1316 649,1309 675,1320 710,1320 728,1335 748,1316 765,1316 783,1331 811,1317 851,1356 898,1321 919,1321 939,1339 955,1331 983,1336 996,1324 1010,1327 1016,1321 1058,1327 1072,1340 1122,1328 1136,1340 1158,1340 1166,1348 1189,1341 1202,1348 1239,1332 1277,1357 1297,1340 1334,1348 1350,1332 1362,1340 1420,1332 1428,1340 1444,1336 1484,1344 1510,1365 1550,1340 1575,1352 1607,1352 1616,1344 1633,1355 1653,1356 1670,1348 1696,1368 1713,1356 1739,1352 1766,1364 1776,1358 1797,1373 1813,1364 1837,1364 1848,1354 1869,1367 1889,1356 1911,1367 1929,1355 1951,1364 1981,1348 2026,1373 2026,1409 2021,1403 1992,1412 1985,1406 1938,1406 1909,1430 1881,1402 1861,1402 1849,1414 1834,1402 1811,1406 1783,1421 1766,1405 1747,1406 1733,1418 1714,1402 1688,1406 1668,1398 1644,1420 1600,1396 1548,1395 1522,1406 1509,1395 1475,1391 1459,1398 1438,1391 1365,1398 1335,1387 1326,1394 1266,1398 1251,1387 1231,1387 1202,1405 1181,1402 1167,1410 1155,1402 1092,1402 1052,1383 1031,1383 997,1402 979,1390 927,1410 855,1379 764,1402 744,1390 720,1394 714,1388 683,1399 671,1391 648,1398 612,1367 550,1366 513,1378 486,1362 452,1379 413,1359 364,1355 350,1358 302,1395"/>
            </Shape>
            <String ID="dbc9aac7-f6f5-4f89-8c2a-54023b739c7d-dummy-Word" HEIGHT="128" WIDTH="1724" HPOS="302" VPOS="1302" CONTENT="juist met de repetitie der Roovers van Schiller bezig waren, eer zy no">
              <Shape>
                <Polygon POINTS="302,1313 314,1305 368,1317 398,1302 421,1316 433,1304 447,1304 468,1316 480,1313 491,1324 507,1324 548,1305 574,1319 594,1309 615,1309 622,1316 649,1309 675,1320 710,1320 728,1335 748,1316 765,1316 783,1331 811,1317 851,1356 898,1321 919,1321 939,1339 955,1331 983,1336 996,1324 1010,1327 1016,1321 1058,1327 1072,1340 1122,1328 1136,1340 1158,1340 1166,1348 1189,1341 1202,1348 1239,1332 1277,1357 1297,1340 1334,1348 1350,1332 1362,1340 1420,1332 1428,1340 1444,1336 1484,1344 1510,1365 1550,1340 1575,1352 1607,1352 1616,1344 1633,1355 1653,1356 1670,1348 1696,1368 1713,1356 1739,1352 1766,1364 1776,1358 1797,1373 1813,1364 1837,1364 1848,1354 1869,1367 1889,1356 1911,1367 1929,1355 1951,1364 1981,1348 2026,1373 2026,1409 2021,1403 1992,1412 1985,1406 1938,1406 1909,1430 1881,1402 1861,1402 1849,1414 1834,1402 1811,1406 1783,1421 1766,1405 1747,1406 1733,1418 1714,1402 1688,1406 1668,1398 1644,1420 1600,1396 1548,1395 1522,1406 1509,1395 1475,1391 1459,1398 1438,1391 1365,1398 1335,1387 1326,1394 1266,1398 1251,1387 1231,1387 1202,1405 1181,1402 1167,1410 1155,1402 1092,1402 1052,1383 1031,1383 997,1402 979,1390 927,1410 855,1379 764,1402 744,1390 720,1394 714,1388 683,1399 671,1391 648,1398 612,1367 550,1366 513,1378 486,1362 452,1379 413,1359 364,1355 350,1358 302,1395"/>
              </Shape>
            </String>
          </TextLine>
          <TextLine ID="line_5a0205dc-d3b0-4c56-878e-75a66fe321e4" HEIGHT="125" WIDTH="1746" HPOS="304" VPOS="1355" STYLEREFS="textstyle-None---sans-serif---proportional---None---None---None">
            <Shape>
              <Polygon POINTS="304,1391 355,1355 409,1355 446,1378 485,1366 505,1375 522,1363 535,1371 562,1366 596,1374 605,1367 639,1367 682,1401 689,1395 702,1406 736,1388 766,1400 814,1386 821,1391 830,1383 871,1381 902,1406 928,1411 972,1395 996,1404 1030,1383 1080,1394 1104,1414 1151,1403 1168,1414 1180,1403 1208,1406 1231,1387 1297,1399 1318,1390 1330,1398 1352,1391 1369,1399 1413,1399 1425,1391 1458,1399 1474,1391 1507,1395 1521,1406 1548,1395 1610,1399 1644,1420 1668,1399 1685,1406 1713,1402 1732,1418 1747,1406 1766,1406 1783,1422 1811,1407 1834,1403 1850,1414 1861,1403 1881,1403 1908,1430 1938,1407 2050,1416 2050,1451 2045,1445 2010,1476 2002,1470 1987,1480 1961,1463 1917,1468 1906,1458 1871,1457 1865,1463 1857,1457 1785,1457 1772,1465 1763,1457 1743,1457 1721,1468 1698,1453 1686,1453 1671,1468 1638,1456 1624,1469 1586,1453 1511,1453 1488,1469 1452,1479 1417,1460 1401,1468 1370,1449 1306,1452 1293,1464 1266,1445 1223,1445 1205,1454 1194,1445 1181,1450 1122,1441 1085,1467 1073,1456 1057,1460 1039,1442 937,1437 921,1453 908,1447 896,1457 875,1437 843,1437 773,1463 744,1449 726,1452 712,1441 693,1446 673,1437 655,1444 636,1429 591,1426 557,1441 506,1432 486,1437 469,1452 398,1418 362,1429 328,1414 304,1421"/>
            </Shape>
            <String ID="line_5a0205dc-d3b0-4c56-878e-75a66fe321e4-dummy-Word" HEIGHT="125" WIDTH="1746" HPOS="304" VPOS="1355" CONTENT="het ongeluk vermoedden, vonken en stukken vrandend hout voor de vol">
              <Shape>
                <Polygon POINTS="304,1391 355,1355 409,1355 446,1378 485,1366 505,1375 522,1363 535,1371 562,1366 596,1374 605,1367 639,1367 682,1401 689,1395 702,1406 736,1388 766,1400 814,1386 821,1391 830,1383 871,1381 902,1406 928,1411 972,1395 996,1404 1030,1383 1080,1394 1104,1414 1151,1403 1168,1414 1180,1403 1208,1406 1231,1387 1297,1399 1318,1390 1330,1398 1352,1391 1369,1399 1413,1399 1425,1391 1458,1399 1474,1391 1507,1395 1521,1406 1548,1395 1610,1399 1644,1420 1668,1399 1685,1406 1713,1402 1732,1418 1747,1406 1766,1406 1783,1422 1811,1407 1834,1403 1850,1414 1861,1403 1881,1403 1908,1430 1938,1407 2050,1416 2050,1451 2045,1445 2010,1476 2002,1470 1987,1480 1961,1463 1917,1468 1906,1458 1871,1457 1865,1463 1857,1457 1785,1457 1772,1465 1763,1457 1743,1457 1721,1468 1698,1453 1686,1453 1671,1468 1638,1456 1624,1469 1586,1453 1511,1453 1488,1469 1452,1479 1417,1460 1401,1468 1370,1449 1306,1452 1293,1464 1266,1445 1223,1445 1205,1454 1194,1445 1181,1450 1122,1441 1085,1467 1073,1456 1057,1460 1039,1442 937,1437 921,1453 908,1447 896,1457 875,1437 843,1437 773,1463 744,1449 726,1452 712,1441 693,1446 673,1437 655,1444 636,1429 591,1426 557,1441 506,1432 486,1437 469,1452 398,1418 362,1429 328,1414 304,1421"/>
              </Shape>
            </String>
          </TextLine>
          <TextLine ID="line_16d49233-0c9f-40c0-afe7-a13bbf46fe65" HEIGHT="52" WIDTH="55" HPOS="2032" VPOS="1401" STYLEREFS="textstyle-None---sans-serif---proportional---None---None---None">
            <Shape>
              <Polygon POINTS="2032,1410 2055,1401 2078,1417 2087,1409 2087,1445 2046,1445 2032,1453"/>
            </Shape>
            <String ID="line_16d49233-0c9f-40c0-afe7-a13bbf46fe65-dummy-Word" HEIGHT="52" WIDTH="55" HPOS="2032" VPOS="1401" CONTENT="a">
              <Shape>
                <Polygon POINTS="2032,1410 2055,1401 2078,1417 2087,1409 2087,1445 2046,1445 2032,1453"/>
              </Shape>
            </String>
          </TextLine>
          <TextLine ID="aeacff5b-3784-4902-bed0-e1ad9191a9c0" HEIGHT="145" WIDTH="1723" HPOS="304" VPOS="1413" STYLEREFS="textstyle-None---sans-serif---proportional---None---None---None">
            <Shape>
              <Polygon POINTS="304,1424 326,1413 346,1428 397,1418 465,1453 493,1432 563,1440 580,1429 611,1428 637,1429 653,1444 677,1436 690,1447 736,1453 773,1434 799,1448 865,1437 913,1454 954,1443 973,1452 989,1441 1050,1441 1086,1464 1102,1452 1129,1455 1142,1444 1192,1444 1200,1452 1250,1444 1274,1448 1293,1464 1324,1448 1370,1448 1401,1467 1414,1459 1453,1479 1490,1468 1511,1452 1605,1455 1633,1479 1649,1464 1669,1468 1700,1456 1720,1464 1760,1456 1774,1467 1788,1459 1801,1472 1828,1456 1838,1463 1855,1456 1928,1456 1937,1465 1962,1462 1985,1480 2011,1480 2023,1472 2027,1512 2018,1511 1993,1534 1974,1526 1961,1537 1954,1530 1920,1542 1908,1535 1897,1546 1889,1541 1875,1549 1863,1541 1844,1550 1811,1533 1735,1538 1709,1526 1681,1526 1655,1550 1600,1558 1569,1546 1552,1550 1544,1542 1509,1549 1466,1526 1444,1526 1405,1548 1357,1533 1331,1513 1302,1521 1284,1507 1234,1518 1200,1506 1150,1514 1134,1503 1114,1514 1046,1502 1022,1522 998,1526 986,1514 965,1518 949,1510 936,1517 918,1510 894,1518 861,1495 828,1499 806,1514 784,1506 774,1510 766,1502 758,1506 743,1491 669,1502 638,1490 622,1495 570,1486 537,1512 478,1479 446,1495 400,1479 363,1502 353,1502 325,1480 304,1486"/>
            </Shape>
            <String ID="aeacff5b-3784-4902-bed0-e1ad9191a9c0-dummy-Word" HEIGHT="145" WIDTH="1723" HPOS="304" VPOS="1413" CONTENT="vzel: de gloed was in een oogenblik zoo hevig dat hy op 250 schreden">
              <Shape>
                <Polygon POINTS="304,1424 326,1413 346,1428 397,1418 465,1453 493,1432 563,1440 580,1429 611,1428 637,1429 653,1444 677,1436 690,1447 736,1453 773,1434 799,1448 865,1437 913,1454 954,1443 973,1452 989,1441 1050,1441 1086,1464 1102,1452 1129,1455 1142,1444 1192,1444 1200,1452 1250,1444 1274,1448 1293,1464 1324,1448 1370,1448 1401,1467 1414,1459 1453,1479 1490,1468 1511,1452 1605,1455 1633,1479 1649,1464 1669,1468 1700,1456 1720,1464 1760,1456 1774,1467 1788,1459 1801,1472 1828,1456 1838,1463 1855,1456 1928,1456 1937,1465 1962,1462 1985,1480 2011,1480 2023,1472 2027,1512 2018,1511 1993,1534 1974,1526 1961,1537 1954,1530 1920,1542 1908,1535 1897,1546 1889,1541 1875,1549 1863,1541 1844,1550 1811,1533 1735,1538 1709,1526 1681,1526 1655,1550 1600,1558 1569,1546 1552,1550 1544,1542 1509,1549 1466,1526 1444,1526 1405,1548 1357,1533 1331,1513 1302,1521 1284,1507 1234,1518 1200,1506 1150,1514 1134,1503 1114,1514 1046,1502 1022,1522 998,1526 986,1514 965,1518 949,1510 936,1517 918,1510 894,1518 861,1495 828,1499 806,1514 784,1506 774,1510 766,1502 758,1506 743,1491 669,1502 638,1490 622,1495 570,1486 537,1512 478,1479 446,1495 400,1479 363,1502 353,1502 325,1480 304,1486"/>
              </Shape>
            </String>
          </TextLine>
          <TextLine ID="line_6b9bce35-195f-49d4-a652-02596b7ff1ad" HEIGHT="101" WIDTH="793" HPOS="297" VPOS="1476" STYLEREFS="textstyle-None---sans-serif---proportional---None---None---None">
            <Shape>
              <Polygon POINTS="297,1480 328,1480 348,1491 371,1476 397,1476 418,1487 437,1483 452,1491 481,1480 535,1511 565,1487 596,1487 607,1495 636,1491 658,1510 674,1499 703,1499 721,1487 769,1506 793,1491 818,1491 833,1502 861,1495 895,1518 931,1503 953,1513 968,1507 999,1527 1020,1523 1050,1503 1062,1515 1090,1521 1090,1557 1008,1561 987,1554 973,1563 945,1560 929,1568 913,1559 889,1573 869,1573 856,1560 811,1577 774,1550 749,1557 718,1554 702,1565 686,1553 673,1557 654,1542 637,1542 593,1573 581,1561 560,1565 520,1557 498,1541 466,1567 446,1553 411,1561 368,1533 322,1530 297,1537"/>
            </Shape>
            <String ID="line_6b9bce35-195f-49d4-a652-02596b7ff1ad-dummy-Word" HEIGHT="101" WIDTH="793" HPOS="297" VPOS="1476" CONTENT="moeylyk te verdragen was.">
              <Shape>
                <Polygon POINTS="297,1480 328,1480 348,1491 371,1476 397,1476 418,1487 437,1483 452,1491 481,1480 535,1511 565,1487 596,1487 607,1495 636,1491 658,1510 674,1499 703,1499 721,1487 769,1506 793,1491 818,1491 833,1502 861,1495 895,1518 931,1503 953,1513 968,1507 999,1527 1020,1523 1050,1503 1062,1515 1090,1521 1090,1557 1008,1561 987,1554 973,1563 945,1560 929,1568 913,1559 889,1573 869,1573 856,1560 811,1577 774,1550 749,1557 718,1554 702,1565 686,1553 673,1557 654,1542 637,1542 593,1573 581,1561 560,1565 520,1557 498,1541 466,1567 446,1553 411,1561 368,1533 322,1530 297,1537"/>
              </Shape>
            </String>
          </TextLine>
          <TextLine ID="line_43e1cd8e-8552-40c0-a1e5-7f9575c00af5" HEIGHT="157" WIDTH="1702" HPOS="302" VPOS="1521" STYLEREFS="textstyle-None---sans-serif---proportional---None---None---None">
            <Shape>
              <Polygon POINTS="302,1537 349,1529 396,1546 412,1561 449,1553 466,1567 496,1541 522,1557 563,1565 587,1545 608,1553 623,1541 656,1541 675,1556 683,1550 703,1564 724,1549 745,1557 773,1549 815,1577 855,1557 873,1573 914,1559 931,1568 965,1557 992,1572 1017,1556 1071,1562 1093,1557 1130,1575 1162,1561 1201,1565 1214,1576 1225,1569 1246,1576 1262,1570 1291,1588 1339,1575 1382,1537 1409,1549 1455,1522 1515,1549 1540,1544 1598,1576 1618,1558 1687,1534 1742,1537 1776,1525 1811,1533 1833,1521 1869,1549 1889,1541 1938,1584 1967,1592 2004,1618 2004,1654 1981,1662 1974,1655 1954,1655 1947,1662 1907,1651 1875,1666 1839,1647 1822,1650 1791,1674 1770,1666 1745,1677 1723,1666 1685,1678 1667,1677 1642,1662 1599,1669 1577,1649 1539,1670 1528,1669 1473,1635 1462,1635 1444,1650 1425,1642 1399,1654 1373,1646 1356,1631 1339,1635 1328,1627 1255,1631 1229,1651 1221,1643 1209,1646 1186,1623 1160,1619 1132,1619 1095,1640 1063,1631 1051,1639 1031,1628 999,1631 979,1618 953,1630 920,1630 887,1618 875,1622 844,1607 824,1607 791,1623 782,1614 765,1619 756,1610 744,1615 722,1604 695,1604 660,1637 630,1631 611,1612 584,1630 552,1623 536,1607 492,1599 436,1595 420,1604 372,1592 302,1607"/>
            </Shape>
            <String ID="line_43e1cd8e-8552-40c0-a1e5-7f9575c00af5-dummy-Word" HEIGHT="157" WIDTH="1702" HPOS="302" VPOS="1521" CONTENT="Deeze Koninglyke Nationale Schouwburg werd en 1800 door Fredrik Willem">
              <Shape>
                <Polygon POINTS="302,1537 349,1529 396,1546 412,1561 449,1553 466,1567 496,1541 522,1557 563,1565 587,1545 608,1553 623,1541 656,1541 675,1556 683,1550 703,1564 724,1549 745,1557 773,1549 815,1577 855,1557 873,1573 914,1559 931,1568 965,1557 992,1572 1017,1556 1071,1562 1093,1557 1130,1575 1162,1561 1201,1565 1214,1576 1225,1569 1246,1576 1262,1570 1291,1588 1339,1575 1382,1537 1409,1549 1455,1522 1515,1549 1540,1544 1598,1576 1618,1558 1687,1534 1742,1537 1776,1525 1811,1533 1833,1521 1869,1549 1889,1541 1938,1584 1967,1592 2004,1618 2004,1654 1981,1662 1974,1655 1954,1655 1947,1662 1907,1651 1875,1666 1839,1647 1822,1650 1791,1674 1770,1666 1745,1677 1723,1666 1685,1678 1667,1677 1642,1662 1599,1669 1577,1649 1539,1670 1528,1669 1473,1635 1462,1635 1444,1650 1425,1642 1399,1654 1373,1646 1356,1631 1339,1635 1328,1627 1255,1631 1229,1651 1221,1643 1209,1646 1186,1623 1160,1619 1132,1619 1095,1640 1063,1631 1051,1639 1031,1628 999,1631 979,1618 953,1630 920,1630 887,1618 875,1622 844,1607 824,1607 791,1623 782,1614 765,1619 756,1610 744,1615 722,1604 695,1604 660,1637 630,1631 611,1612 584,1630 552,1623 536,1607 492,1599 436,1595 420,1604 372,1592 302,1607"/>
              </Shape>
            </String>
          </TextLine>
          <TextLine ID="line_7755b1d4-9229-4b92-8546-4765814f895e" HEIGHT="146" WIDTH="1704" HPOS="300" VPOS="1588" STYLEREFS="textstyle-None---sans-serif---proportional---None---None---None">
            <Shape>
              <Polygon POINTS="300,1603 339,1603 366,1588 417,1603 437,1595 491,1596 502,1604 534,1605 568,1636 609,1612 630,1631 661,1604 672,1615 685,1609 701,1618 715,1604 744,1615 781,1615 790,1608 803,1619 823,1619 844,1608 895,1622 910,1612 932,1634 946,1627 996,1629 1019,1619 1048,1639 1097,1640 1120,1620 1169,1620 1188,1624 1226,1651 1252,1632 1314,1628 1336,1635 1355,1631 1375,1647 1418,1659 1432,1659 1470,1632 1521,1671 1553,1667 1575,1649 1602,1671 1644,1663 1673,1679 1700,1667 1751,1675 1784,1659 1802,1667 1821,1652 1862,1651 1881,1667 1911,1652 1951,1663 1983,1660 2004,1680 2004,1717 1981,1721 1963,1734 1942,1733 1926,1717 1903,1710 1829,1710 1760,1729 1740,1709 1694,1724 1663,1702 1636,1702 1615,1722 1596,1725 1587,1717 1556,1713 1531,1713 1520,1721 1488,1694 1431,1694 1400,1720 1360,1693 1316,1689 1280,1717 1252,1689 1232,1684 1191,1698 1167,1694 1140,1718 1124,1721 1093,1702 1069,1705 1024,1678 989,1697 961,1674 937,1674 916,1694 864,1689 844,1670 786,1667 766,1674 733,1663 717,1663 689,1678 654,1674 633,1680 615,1678 600,1663 585,1672 570,1662 545,1682 482,1678 476,1672 463,1685 418,1661 405,1670 362,1670 342,1662 325,1678 300,1677"/>
            </Shape>
            <String ID="line_7755b1d4-9229-4b92-8546-4765814f895e-dummy-Word" HEIGHT="146" WIDTH="1704" HPOS="300" VPOS="1588" CONTENT="gebouwd en den 1 Ianuary 1802 ingewyd: dit fraan langwerpig vierkant ge">
              <Shape>
                <Polygon POINTS="300,1603 339,1603 366,1588 417,1603 437,1595 491,1596 502,1604 534,1605 568,1636 609,1612 630,1631 661,1604 672,1615 685,1609 701,1618 715,1604 744,1615 781,1615 790,1608 803,1619 823,1619 844,1608 895,1622 910,1612 932,1634 946,1627 996,1629 1019,1619 1048,1639 1097,1640 1120,1620 1169,1620 1188,1624 1226,1651 1252,1632 1314,1628 1336,1635 1355,1631 1375,1647 1418,1659 1432,1659 1470,1632 1521,1671 1553,1667 1575,1649 1602,1671 1644,1663 1673,1679 1700,1667 1751,1675 1784,1659 1802,1667 1821,1652 1862,1651 1881,1667 1911,1652 1951,1663 1983,1660 2004,1680 2004,1717 1981,1721 1963,1734 1942,1733 1926,1717 1903,1710 1829,1710 1760,1729 1740,1709 1694,1724 1663,1702 1636,1702 1615,1722 1596,1725 1587,1717 1556,1713 1531,1713 1520,1721 1488,1694 1431,1694 1400,1720 1360,1693 1316,1689 1280,1717 1252,1689 1232,1684 1191,1698 1167,1694 1140,1718 1124,1721 1093,1702 1069,1705 1024,1678 989,1697 961,1674 937,1674 916,1694 864,1689 844,1670 786,1667 766,1674 733,1663 717,1663 689,1678 654,1674 633,1680 615,1678 600,1663 585,1672 570,1662 545,1682 482,1678 476,1672 463,1685 418,1661 405,1670 362,1670 342,1662 325,1678 300,1677"/>
              </Shape>
            </String>
          </TextLine>
          <TextLine ID="fa681fd8-1fb8-4bfe-bc90-c7de2d8b7667" HEIGHT="58" WIDTH="52" HPOS="2031" VPOS="1622" STYLEREFS="textstyle-None---sans-serif---proportional---None---None---None">
            <Shape>
              <Polygon POINTS="2031,1622 2083,1640 2080,1680 2031,1680"/>
            </Shape>
            <String ID="fa681fd8-1fb8-4bfe-bc90-c7de2d8b7667-word0" HEIGHT="58" WIDTH="52" HPOS="2031" VPOS="1622" CONTENT=""/>
          </TextLine>
          <TextLine ID="f3645c82-73a1-4ba3-9589-16723c0b4763" HEIGHT="193" WIDTH="1799" HPOS="296" VPOS="1597" STYLEREFS="textstyle-None---sans-serif---proportional---None---None---None">
            <Shape>
              <Polygon POINTS="296,1605 334,1602 375,1610 389,1597 410,1597 418,1605 426,1597 490,1597 498,1605 527,1605 549,1625 576,1629 591,1629 610,1613 637,1637 644,1630 658,1637 686,1613 704,1618 716,1606 763,1617 779,1613 790,1622 810,1617 843,1629 878,1625 897,1637 935,1621 957,1629 980,1621 993,1629 1019,1618 1048,1638 1093,1640 1127,1622 1185,1622 1221,1653 1250,1633 1278,1641 1289,1630 1331,1631 1337,1637 1365,1630 1401,1652 1471,1634 1505,1661 1526,1668 1541,1669 1563,1653 1604,1668 1629,1661 1662,1678 1706,1677 1745,1656 1790,1676 1844,1649 1878,1665 1896,1657 1908,1669 1934,1653 1965,1653 1984,1672 2000,1674 2043,1716 2072,1699 2082,1706 2095,1719 2095,1755 2038,1759 2006,1780 1998,1772 1981,1781 1964,1767 1939,1774 1910,1767 1861,1779 1849,1774 1825,1785 1806,1773 1790,1778 1766,1770 1706,1790 1673,1758 1646,1765 1623,1755 1593,1756 1553,1774 1511,1751 1496,1759 1451,1747 1426,1758 1411,1747 1382,1755 1369,1743 1350,1743 1331,1754 1313,1743 1285,1755 1271,1742 1249,1747 1233,1739 1220,1751 1206,1751 1192,1737 1162,1735 1141,1755 1124,1758 1081,1742 1042,1743 1030,1732 1017,1743 916,1735 891,1754 858,1738 849,1742 826,1734 802,1743 786,1734 765,1747 749,1731 707,1731 701,1725 686,1735 668,1728 659,1735 618,1720 605,1727 518,1720 490,1735 463,1716 422,1727 380,1716 354,1723 339,1712 319,1723 296,1711"/>
            </Shape>
            <String ID="f3645c82-73a1-4ba3-9589-16723c0b4763-dummy-Word" HEIGHT="193" WIDTH="1799" HPOS="296" VPOS="1597" CONTENT="bouw was 244 Rchynl: voeten vraed, 115 breed en 35 voet hoog van binnen ch">
              <Shape>
                <Polygon POINTS="296,1605 334,1602 375,1610 389,1597 410,1597 418,1605 426,1597 490,1597 498,1605 527,1605 549,1625 576,1629 591,1629 610,1613 637,1637 644,1630 658,1637 686,1613 704,1618 716,1606 763,1617 779,1613 790,1622 810,1617 843,1629 878,1625 897,1637 935,1621 957,1629 980,1621 993,1629 1019,1618 1048,1638 1093,1640 1127,1622 1185,1622 1221,1653 1250,1633 1278,1641 1289,1630 1331,1631 1337,1637 1365,1630 1401,1652 1471,1634 1505,1661 1526,1668 1541,1669 1563,1653 1604,1668 1629,1661 1662,1678 1706,1677 1745,1656 1790,1676 1844,1649 1878,1665 1896,1657 1908,1669 1934,1653 1965,1653 1984,1672 2000,1674 2043,1716 2072,1699 2082,1706 2095,1719 2095,1755 2038,1759 2006,1780 1998,1772 1981,1781 1964,1767 1939,1774 1910,1767 1861,1779 1849,1774 1825,1785 1806,1773 1790,1778 1766,1770 1706,1790 1673,1758 1646,1765 1623,1755 1593,1756 1553,1774 1511,1751 1496,1759 1451,1747 1426,1758 1411,1747 1382,1755 1369,1743 1350,1743 1331,1754 1313,1743 1285,1755 1271,1742 1249,1747 1233,1739 1220,1751 1206,1751 1192,1737 1162,1735 1141,1755 1124,1758 1081,1742 1042,1743 1030,1732 1017,1743 916,1735 891,1754 858,1738 849,1742 826,1734 802,1743 786,1734 765,1747 749,1731 707,1731 701,1725 686,1735 668,1728 659,1735 618,1720 605,1727 518,1720 490,1735 463,1716 422,1727 380,1716 354,1723 339,1712 319,1723 296,1711"/>
              </Shape>
            </String>
          </TextLine>
          <TextLine ID="line_63528347-72f6-47aa-b70d-63d4210ce3e5" HEIGHT="137" WIDTH="1776" HPOS="299" VPOS="1712" STYLEREFS="textstyle-None---sans-serif---proportional---None---None---None">
            <Shape>
              <Polygon POINTS="299,1719 310,1728 335,1712 361,1720 374,1712 424,1727 446,1716 504,1727 517,1720 588,1720 595,1727 617,1720 654,1736 669,1727 690,1732 699,1724 707,1732 746,1731 763,1748 784,1735 799,1744 826,1733 869,1744 886,1735 901,1747 938,1732 1017,1743 1032,1732 1052,1732 1065,1743 1075,1737 1139,1759 1151,1748 1198,1756 1234,1740 1292,1740 1299,1747 1352,1744 1369,1755 1392,1747 1427,1756 1473,1749 1491,1759 1522,1752 1550,1776 1569,1772 1590,1752 1623,1752 1652,1760 1669,1756 1711,1788 1745,1780 1760,1768 1797,1784 1827,1771 1864,1780 1909,1764 1928,1772 2023,1771 2033,1778 2061,1771 2075,1784 2075,1820 2041,1831 2018,1822 2005,1834 1996,1825 1974,1841 1934,1834 1906,1849 1891,1837 1879,1846 1858,1842 1849,1849 1826,1834 1805,1845 1792,1841 1768,1822 1741,1833 1730,1825 1712,1837 1693,1838 1654,1815 1608,1825 1572,1817 1553,1825 1519,1806 1486,1812 1448,1805 1430,1813 1390,1802 1350,1816 1330,1810 1299,1817 1292,1810 1263,1814 1247,1801 1232,1801 1203,1816 1175,1798 1134,1825 1112,1821 1079,1800 1035,1818 1003,1794 985,1790 969,1790 942,1814 931,1806 920,1814 890,1813 843,1782 754,1782 716,1793 700,1779 658,1805 640,1805 605,1781 589,1778 574,1785 560,1774 537,1774 518,1789 509,1782 500,1789 488,1777 473,1789 446,1774 430,1782 410,1770 397,1776 389,1770 321,1770 299,1790"/>
            </Shape>
            <String ID="line_63528347-72f6-47aa-b70d-63d4210ce3e5-dummy-Word" HEIGHT="137" WIDTH="1776" HPOS="299" VPOS="1712" CONTENT="hetzelve had 12 deuren of uitgangen: het dak was met koper overdektan">
              <Shape>
                <Polygon POINTS="299,1719 310,1728 335,1712 361,1720 374,1712 424,1727 446,1716 504,1727 517,1720 588,1720 595,1727 617,1720 654,1736 669,1727 690,1732 699,1724 707,1732 746,1731 763,1748 784,1735 799,1744 826,1733 869,1744 886,1735 901,1747 938,1732 1017,1743 1032,1732 1052,1732 1065,1743 1075,1737 1139,1759 1151,1748 1198,1756 1234,1740 1292,1740 1299,1747 1352,1744 1369,1755 1392,1747 1427,1756 1473,1749 1491,1759 1522,1752 1550,1776 1569,1772 1590,1752 1623,1752 1652,1760 1669,1756 1711,1788 1745,1780 1760,1768 1797,1784 1827,1771 1864,1780 1909,1764 1928,1772 2023,1771 2033,1778 2061,1771 2075,1784 2075,1820 2041,1831 2018,1822 2005,1834 1996,1825 1974,1841 1934,1834 1906,1849 1891,1837 1879,1846 1858,1842 1849,1849 1826,1834 1805,1845 1792,1841 1768,1822 1741,1833 1730,1825 1712,1837 1693,1838 1654,1815 1608,1825 1572,1817 1553,1825 1519,1806 1486,1812 1448,1805 1430,1813 1390,1802 1350,1816 1330,1810 1299,1817 1292,1810 1263,1814 1247,1801 1232,1801 1203,1816 1175,1798 1134,1825 1112,1821 1079,1800 1035,1818 1003,1794 985,1790 969,1790 942,1814 931,1806 920,1814 890,1813 843,1782 754,1782 716,1793 700,1779 658,1805 640,1805 605,1781 589,1778 574,1785 560,1774 537,1774 518,1789 509,1782 500,1789 488,1777 473,1789 446,1774 430,1782 410,1770 397,1776 389,1770 321,1770 299,1790"/>
              </Shape>
            </String>
          </TextLine>
          <TextLine ID="c8a1df51-4fdf-44f3-9b66-9178fd65ae68" HEIGHT="127" WIDTH="1777" HPOS="302" VPOS="1771" STYLEREFS="textstyle-None---sans-serif---proportional---None---None---None">
            <Shape>
              <Polygon POINTS="302,1782 336,1771 414,1771 433,1782 442,1774 451,1782 465,1775 478,1782 487,1778 500,1788 514,1775 561,1775 584,1784 602,1779 633,1802 654,1806 676,1798 696,1779 711,1779 722,1790 745,1783 843,1783 894,1814 919,1814 927,1806 942,1814 962,1794 984,1791 1001,1794 1034,1818 1078,1800 1112,1821 1134,1824 1175,1798 1186,1806 1201,1798 1220,1806 1247,1799 1264,1814 1291,1810 1320,1818 1331,1810 1353,1814 1389,1803 1418,1805 1433,1818 1453,1804 1486,1812 1519,1806 1553,1825 1575,1817 1607,1826 1654,1815 1682,1839 1768,1822 1801,1845 1834,1838 1848,1849 1881,1846 1890,1837 1906,1849 1937,1834 1974,1841 1994,1826 2016,1838 2028,1826 2040,1833 2053,1825 2079,1846 2079,1883 2058,1898 2030,1880 1996,1880 1982,1891 1967,1876 1954,1883 1947,1876 1925,1882 1919,1876 1865,1876 1858,1883 1805,1872 1656,1869 1644,1880 1630,1869 1570,1872 1557,1865 1530,1888 1501,1872 1470,1895 1417,1861 1389,1872 1368,1861 1333,1857 1310,1872 1291,1864 1269,1880 1229,1860 1192,1887 1175,1880 1159,1887 1128,1884 1120,1876 1106,1883 1053,1853 1030,1876 1000,1876 986,1887 900,1852 859,1869 829,1842 778,1849 768,1841 745,1841 730,1848 702,1838 681,1849 655,1845 622,1864 597,1860 566,1834 545,1834 527,1845 511,1838 491,1853 464,1830 419,1830 387,1853 348,1826 322,1837 302,1829"/>
            </Shape>
            <String ID="c8a1df51-4fdf-44f3-9b66-9178fd65ae68-dummy-Word" HEIGHT="127" WIDTH="1777" HPOS="302" VPOS="1771" CONTENT="Behalve het parket, het parterie en de loge aan het parterre waren er eien">
              <Shape>
                <Polygon POINTS="302,1782 336,1771 414,1771 433,1782 442,1774 451,1782 465,1775 478,1782 487,1778 500,1788 514,1775 561,1775 584,1784 602,1779 633,1802 654,1806 676,1798 696,1779 711,1779 722,1790 745,1783 843,1783 894,1814 919,1814 927,1806 942,1814 962,1794 984,1791 1001,1794 1034,1818 1078,1800 1112,1821 1134,1824 1175,1798 1186,1806 1201,1798 1220,1806 1247,1799 1264,1814 1291,1810 1320,1818 1331,1810 1353,1814 1389,1803 1418,1805 1433,1818 1453,1804 1486,1812 1519,1806 1553,1825 1575,1817 1607,1826 1654,1815 1682,1839 1768,1822 1801,1845 1834,1838 1848,1849 1881,1846 1890,1837 1906,1849 1937,1834 1974,1841 1994,1826 2016,1838 2028,1826 2040,1833 2053,1825 2079,1846 2079,1883 2058,1898 2030,1880 1996,1880 1982,1891 1967,1876 1954,1883 1947,1876 1925,1882 1919,1876 1865,1876 1858,1883 1805,1872 1656,1869 1644,1880 1630,1869 1570,1872 1557,1865 1530,1888 1501,1872 1470,1895 1417,1861 1389,1872 1368,1861 1333,1857 1310,1872 1291,1864 1269,1880 1229,1860 1192,1887 1175,1880 1159,1887 1128,1884 1120,1876 1106,1883 1053,1853 1030,1876 1000,1876 986,1887 900,1852 859,1869 829,1842 778,1849 768,1841 745,1841 730,1848 702,1838 681,1849 655,1845 622,1864 597,1860 566,1834 545,1834 527,1845 511,1838 491,1853 464,1830 419,1830 387,1853 348,1826 322,1837 302,1829"/>
              </Shape>
            </String>
          </TextLine>
          <TextLine ID="line_4031876c-1c29-425f-8ace-e683b714cfd5" HEIGHT="144" WIDTH="1792" HPOS="289" VPOS="1824" STYLEREFS="textstyle-None---sans-serif---proportional---None---None---None">
            <Shape>
              <Polygon POINTS="289,1825 330,1833 341,1824 353,1831 372,1824 428,1836 439,1828 462,1828 489,1852 511,1839 537,1847 571,1836 596,1859 613,1856 626,1864 653,1848 682,1848 690,1840 703,1847 750,1848 767,1840 784,1852 803,1840 822,1840 861,1868 925,1844 950,1861 967,1848 1011,1848 1018,1855 1029,1848 1045,1856 1058,1851 1085,1874 1095,1871 1109,1883 1130,1875 1148,1887 1177,1879 1191,1887 1229,1860 1265,1880 1309,1856 1367,1860 1389,1871 1410,1860 1468,1895 1509,1875 1529,1888 1557,1864 1599,1872 1667,1868 1681,1879 1701,1872 1757,1872 1764,1878 1795,1872 1859,1883 1896,1879 1925,1891 1960,1880 2000,1895 2020,1880 2081,1909 2081,1945 2063,1952 2046,1946 2032,1954 1966,1938 1954,1945 1936,1942 1920,1954 1893,1938 1866,1946 1840,1937 1821,1949 1804,1941 1788,1957 1774,1953 1747,1968 1724,1949 1707,1957 1657,1926 1622,1926 1612,1934 1576,1926 1556,1941 1537,1922 1473,1929 1465,1922 1421,1918 1361,1950 1333,1926 1313,1929 1295,1914 1268,1915 1237,1934 1208,1922 1176,1934 1151,1910 1103,1918 1089,1910 1040,1914 1004,1906 966,1926 950,1910 910,1912 900,1902 864,1902 849,1914 816,1899 796,1899 782,1912 734,1895 688,1905 682,1899 652,1917 636,1902 590,1910 567,1891 530,1891 515,1902 495,1894 461,1914 423,1890 382,1912 333,1883 289,1915"/>
            </Shape>
            <String ID="line_4031876c-1c29-425f-8ace-e683b714cfd5-dummy-Word" HEIGHT="144" WIDTH="1792" HPOS="289" VPOS="1824" CONTENT="drie loges boven elkanderen. De koninglijke loge, welke buitengewoon pradejn">
              <Shape>
                <Polygon POINTS="289,1825 330,1833 341,1824 353,1831 372,1824 428,1836 439,1828 462,1828 489,1852 511,1839 537,1847 571,1836 596,1859 613,1856 626,1864 653,1848 682,1848 690,1840 703,1847 750,1848 767,1840 784,1852 803,1840 822,1840 861,1868 925,1844 950,1861 967,1848 1011,1848 1018,1855 1029,1848 1045,1856 1058,1851 1085,1874 1095,1871 1109,1883 1130,1875 1148,1887 1177,1879 1191,1887 1229,1860 1265,1880 1309,1856 1367,1860 1389,1871 1410,1860 1468,1895 1509,1875 1529,1888 1557,1864 1599,1872 1667,1868 1681,1879 1701,1872 1757,1872 1764,1878 1795,1872 1859,1883 1896,1879 1925,1891 1960,1880 2000,1895 2020,1880 2081,1909 2081,1945 2063,1952 2046,1946 2032,1954 1966,1938 1954,1945 1936,1942 1920,1954 1893,1938 1866,1946 1840,1937 1821,1949 1804,1941 1788,1957 1774,1953 1747,1968 1724,1949 1707,1957 1657,1926 1622,1926 1612,1934 1576,1926 1556,1941 1537,1922 1473,1929 1465,1922 1421,1918 1361,1950 1333,1926 1313,1929 1295,1914 1268,1915 1237,1934 1208,1922 1176,1934 1151,1910 1103,1918 1089,1910 1040,1914 1004,1906 966,1926 950,1910 910,1912 900,1902 864,1902 849,1914 816,1899 796,1899 782,1912 734,1895 688,1905 682,1899 652,1917 636,1902 590,1910 567,1891 530,1891 515,1902 495,1894 461,1914 423,1890 382,1912 333,1883 289,1915"/>
              </Shape>
            </String>
          </TextLine>
          <TextLine ID="line_2ac6d533-cade-4089-99e1-9bdab15159f3" HEIGHT="140" WIDTH="1749" HPOS="286" VPOS="1884" STYLEREFS="textstyle-None---sans-serif---proportional---None---None---None">
            <Shape>
              <Polygon POINTS="286,1917 333,1884 381,1912 408,1900 428,1912 436,1908 467,1919 479,1908 503,1916 533,1888 562,1888 603,1915 619,1907 646,1912 666,1899 706,1904 744,1896 756,1904 771,1896 813,1896 847,1915 872,1900 898,1900 930,1915 947,1908 958,1919 981,1916 993,1904 1043,1914 1076,1908 1107,1919 1123,1908 1152,1912 1179,1934 1206,1923 1233,1935 1269,1912 1295,1924 1323,1916 1360,1948 1419,1921 1432,1931 1462,1927 1470,1933 1530,1920 1554,1939 1574,1924 1602,1939 1627,1924 1642,1939 1673,1932 1685,1943 1700,1940 1726,1956 1744,1955 1792,1930 1803,1940 1817,1932 1853,1940 1875,1932 1922,1953 1947,1940 1983,1957 2009,1980 2030,1968 2035,2010 2027,2018 1985,2010 1967,2024 1950,2021 1926,1998 1901,2018 1885,2004 1824,2006 1813,1998 1777,2004 1742,1997 1734,2005 1715,1994 1666,1997 1639,1978 1575,1978 1552,1990 1534,1986 1525,1994 1513,1986 1489,1994 1436,1970 1336,1978 1309,1993 1293,1989 1265,1965 1191,1965 1159,1990 1136,1977 1115,1981 1091,1962 1051,1977 1035,1974 1020,1986 1002,1981 982,1962 942,1971 924,1962 867,1958 819,1986 780,1965 747,1977 731,1973 704,1950 666,1958 657,1950 611,1957 592,1946 566,1946 558,1954 533,1946 471,1946 443,1958 422,1942 384,1965 366,1965 329,1938 286,1942"/>
            </Shape>
            <String ID="line_2ac6d533-cade-4089-99e1-9bdab15159f3-dummy-Word" HEIGHT="140" WIDTH="1749" HPOS="286" VPOS="1884" CONTENT="tig vercierd was, besloeg twee zynn loges tegen over het toneel: een tweede">
              <Shape>
                <Polygon POINTS="286,1917 333,1884 381,1912 408,1900 428,1912 436,1908 467,1919 479,1908 503,1916 533,1888 562,1888 603,1915 619,1907 646,1912 666,1899 706,1904 744,1896 756,1904 771,1896 813,1896 847,1915 872,1900 898,1900 930,1915 947,1908 958,1919 981,1916 993,1904 1043,1914 1076,1908 1107,1919 1123,1908 1152,1912 1179,1934 1206,1923 1233,1935 1269,1912 1295,1924 1323,1916 1360,1948 1419,1921 1432,1931 1462,1927 1470,1933 1530,1920 1554,1939 1574,1924 1602,1939 1627,1924 1642,1939 1673,1932 1685,1943 1700,1940 1726,1956 1744,1955 1792,1930 1803,1940 1817,1932 1853,1940 1875,1932 1922,1953 1947,1940 1983,1957 2009,1980 2030,1968 2035,2010 2027,2018 1985,2010 1967,2024 1950,2021 1926,1998 1901,2018 1885,2004 1824,2006 1813,1998 1777,2004 1742,1997 1734,2005 1715,1994 1666,1997 1639,1978 1575,1978 1552,1990 1534,1986 1525,1994 1513,1986 1489,1994 1436,1970 1336,1978 1309,1993 1293,1989 1265,1965 1191,1965 1159,1990 1136,1977 1115,1981 1091,1962 1051,1977 1035,1974 1020,1986 1002,1981 982,1962 942,1971 924,1962 867,1958 819,1986 780,1965 747,1977 731,1973 704,1950 666,1958 657,1950 611,1957 592,1946 566,1946 558,1954 533,1946 471,1946 443,1958 422,1942 384,1965 366,1965 329,1938 286,1942"/>
              </Shape>
            </String>
          </TextLine>
          <TextLine ID="c381f440-7cd7-4ea6-bf0d-d0fc7463aef8" HEIGHT="129" WIDTH="1721" HPOS="279" VPOS="1943" STYLEREFS="textstyle-None---sans-serif---proportional---None---None---None">
            <Shape>
              <Polygon POINTS="279,1966 304,1978 319,1963 349,1963 376,1946 399,1958 427,1946 448,1959 481,1943 492,1951 532,1947 555,1958 574,1947 594,1947 609,1958 633,1947 649,1963 693,1951 808,1951 838,1975 869,1958 912,1966 924,1955 938,1962 964,1955 983,1959 1017,1986 1072,1964 1084,1969 1119,1963 1161,1991 1191,1967 1271,1967 1298,1991 1324,1969 1385,1971 1398,1979 1416,1971 1464,1971 1498,1983 1507,1975 1514,1982 1531,1978 1550,1991 1593,1989 1605,1979 1645,1979 1671,1998 1703,1986 1719,1994 1736,1986 1776,2003 1805,1991 1822,2006 1847,1991 1870,2003 1904,1991 1948,1995 1959,2006 1978,2002 1999,2011 2000,2049 1971,2072 1908,2045 1890,2045 1863,2064 1808,2041 1783,2041 1756,2068 1746,2068 1730,2052 1703,2060 1685,2044 1663,2057 1614,2052 1589,2034 1574,2045 1543,2046 1509,2029 1427,2029 1419,2037 1392,2025 1372,2033 1349,2025 1307,2031 1294,2021 1272,2021 1247,2037 1226,2024 1207,2032 1195,2021 1171,2020 1100,2044 1072,2017 1040,2013 1003,2041 958,2013 932,2025 907,2009 872,2021 828,2020 819,2013 803,2021 788,2010 777,2017 756,2009 744,2018 724,2005 692,2021 677,2020 657,2001 644,2001 620,2023 601,2004 553,2017 538,2005 503,2004 474,2028 442,2020 415,2032 386,2004 361,2008 332,1996 303,1996 293,2006 279,2001"/>
            </Shape>
            <String ID="c381f440-7cd7-4ea6-bf0d-d0fc7463aef8-dummy-Word" HEIGHT="129" WIDTH="1721" HPOS="279" VPOS="1943" CONTENT="Koninglyke loge bevond zich lings by het koneel voor welke een prachtig">
              <Shape>
                <Polygon POINTS="279,1966 304,1978 319,1963 349,1963 376,1946 399,1958 427,1946 448,1959 481,1943 492,1951 532,1947 555,1958 574,1947 594,1947 609,1958 633,1947 649,1963 693,1951 808,1951 838,1975 869,1958 912,1966 924,1955 938,1962 964,1955 983,1959 1017,1986 1072,1964 1084,1969 1119,1963 1161,1991 1191,1967 1271,1967 1298,1991 1324,1969 1385,1971 1398,1979 1416,1971 1464,1971 1498,1983 1507,1975 1514,1982 1531,1978 1550,1991 1593,1989 1605,1979 1645,1979 1671,1998 1703,1986 1719,1994 1736,1986 1776,2003 1805,1991 1822,2006 1847,1991 1870,2003 1904,1991 1948,1995 1959,2006 1978,2002 1999,2011 2000,2049 1971,2072 1908,2045 1890,2045 1863,2064 1808,2041 1783,2041 1756,2068 1746,2068 1730,2052 1703,2060 1685,2044 1663,2057 1614,2052 1589,2034 1574,2045 1543,2046 1509,2029 1427,2029 1419,2037 1392,2025 1372,2033 1349,2025 1307,2031 1294,2021 1272,2021 1247,2037 1226,2024 1207,2032 1195,2021 1171,2020 1100,2044 1072,2017 1040,2013 1003,2041 958,2013 932,2025 907,2009 872,2021 828,2020 819,2013 803,2021 788,2010 777,2017 756,2009 744,2018 724,2005 692,2021 677,2020 657,2001 644,2001 620,2023 601,2004 553,2017 538,2005 503,2004 474,2028 442,2020 415,2032 386,2004 361,2008 332,1996 303,1996 293,2006 279,2001"/>
              </Shape>
            </String>
          </TextLine>
          <TextLine ID="ef853c9c-3d82-40bd-9910-28d93801dc5f" HEIGHT="125" WIDTH="1809" HPOS="281" VPOS="1991" STYLEREFS="textstyle-None---sans-serif---proportional---None---None---None">
            <Shape>
              <Polygon POINTS="281,1991 332,1996 359,2010 384,2004 413,2031 440,2019 475,2027 504,2003 531,2007 543,2000 606,2004 621,2015 637,2004 657,2003 675,2019 691,2023 698,2016 716,2031 747,2027 790,2008 805,2019 838,2015 858,2023 871,2011 895,2008 940,2019 955,2012 972,2015 1006,2039 1042,2016 1059,2023 1072,2016 1113,2046 1146,2023 1158,2027 1186,2019 1210,2019 1248,2035 1257,2028 1272,2039 1289,2023 1310,2030 1351,2023 1364,2035 1404,2027 1475,2027 1487,2035 1518,2031 1527,2039 1542,2031 1558,2046 1601,2039 1617,2054 1642,2055 1660,2039 1674,2039 1711,2063 1731,2054 1749,2067 1786,2039 1809,2039 1823,2051 1829,2047 1861,2063 1909,2043 1931,2063 1955,2062 1973,2071 1993,2055 2002,2062 2049,2034 2066,2038 2090,2060 2090,2096 1987,2097 1973,2108 1960,2100 1897,2101 1867,2116 1846,2101 1811,2093 1783,2093 1767,2105 1755,2093 1732,2097 1724,2089 1687,2097 1676,2089 1652,2097 1622,2085 1589,2096 1566,2085 1549,2096 1521,2082 1464,2088 1435,2078 1419,2085 1411,2078 1329,2078 1307,2093 1284,2097 1245,2074 1206,2074 1189,2085 1164,2085 1131,2070 1121,2077 1097,2073 1048,2101 992,2074 965,2087 953,2080 946,2086 902,2067 886,2078 866,2069 850,2085 812,2085 791,2096 743,2065 718,2085 682,2085 658,2097 634,2073 607,2085 577,2085 545,2073 529,2058 499,2061 478,2054 458,2062 441,2054 427,2061 420,2054 377,2050 281,2053"/>
            </Shape>
            <String ID="ef853c9c-3d82-40bd-9910-28d93801dc5f-dummy-Word" HEIGHT="125" WIDTH="1809" HPOS="281" VPOS="1991" CONTENT="kroon met 36 lampen geplaatst was. Meer dan 2000 personen konden in als">
              <Shape>
                <Polygon POINTS="281,1991 332,1996 359,2010 384,2004 413,2031 440,2019 475,2027 504,2003 531,2007 543,2000 606,2004 621,2015 637,2004 657,2003 675,2019 691,2023 698,2016 716,2031 747,2027 790,2008 805,2019 838,2015 858,2023 871,2011 895,2008 940,2019 955,2012 972,2015 1006,2039 1042,2016 1059,2023 1072,2016 1113,2046 1146,2023 1158,2027 1186,2019 1210,2019 1248,2035 1257,2028 1272,2039 1289,2023 1310,2030 1351,2023 1364,2035 1404,2027 1475,2027 1487,2035 1518,2031 1527,2039 1542,2031 1558,2046 1601,2039 1617,2054 1642,2055 1660,2039 1674,2039 1711,2063 1731,2054 1749,2067 1786,2039 1809,2039 1823,2051 1829,2047 1861,2063 1909,2043 1931,2063 1955,2062 1973,2071 1993,2055 2002,2062 2049,2034 2066,2038 2090,2060 2090,2096 1987,2097 1973,2108 1960,2100 1897,2101 1867,2116 1846,2101 1811,2093 1783,2093 1767,2105 1755,2093 1732,2097 1724,2089 1687,2097 1676,2089 1652,2097 1622,2085 1589,2096 1566,2085 1549,2096 1521,2082 1464,2088 1435,2078 1419,2085 1411,2078 1329,2078 1307,2093 1284,2097 1245,2074 1206,2074 1189,2085 1164,2085 1131,2070 1121,2077 1097,2073 1048,2101 992,2074 965,2087 953,2080 946,2086 902,2067 886,2078 866,2069 850,2085 812,2085 791,2096 743,2065 718,2085 682,2085 658,2097 634,2073 607,2085 577,2085 545,2073 529,2058 499,2061 478,2054 458,2062 441,2054 427,2061 420,2054 377,2050 281,2053"/>
              </Shape>
            </String>
          </TextLine>
          <TextLine ID="line_718cae54-5991-4a15-b703-9bcb5c94b3e5" HEIGHT="134" WIDTH="1818" HPOS="278" VPOS="2048" STYLEREFS="textstyle-None---sans-serif---proportional---None---None---None">
            <Shape>
              <Polygon POINTS="278,2058 314,2048 336,2058 349,2048 362,2055 395,2052 402,2059 419,2052 428,2060 459,2063 476,2055 489,2064 592,2056 611,2067 637,2064 652,2076 665,2064 698,2060 718,2071 763,2067 791,2092 811,2080 832,2091 868,2067 887,2076 896,2068 918,2068 960,2091 993,2072 1025,2091 1047,2084 1058,2095 1098,2072 1155,2075 1174,2091 1196,2072 1245,2072 1284,2096 1307,2094 1326,2076 1347,2083 1435,2076 1447,2084 1521,2080 1546,2099 1568,2084 1590,2094 1632,2084 1653,2099 1670,2088 1690,2094 1733,2088 1755,2092 1766,2103 1785,2092 1837,2092 1867,2117 1880,2107 1936,2096 1947,2102 1961,2096 1996,2111 2025,2097 2052,2096 2096,2130 2096,2166 2063,2182 1994,2170 1978,2176 1950,2158 1931,2158 1919,2170 1897,2173 1867,2154 1806,2154 1783,2162 1734,2141 1619,2142 1599,2158 1558,2154 1547,2163 1528,2146 1507,2141 1487,2150 1450,2142 1439,2153 1428,2142 1412,2142 1391,2155 1322,2138 1309,2149 1291,2142 1272,2158 1255,2141 1234,2134 1215,2134 1196,2146 1171,2134 1128,2130 1103,2134 1083,2150 1060,2131 1031,2139 1015,2126 946,2133 927,2122 891,2130 882,2122 827,2125 809,2118 791,2126 728,2118 700,2137 677,2142 645,2141 624,2125 599,2125 567,2150 549,2134 536,2141 516,2121 485,2141 467,2126 443,2133 412,2114 395,2125 373,2106 338,2125 312,2117 295,2129 278,2126"/>
            </Shape>
            <String ID="line_718cae54-5991-4a15-b703-9bcb5c94b3e5-dummy-Word" HEIGHT="134" WIDTH="1818" HPOS="278" VPOS="2048" CONTENT="ze schouwburg plaats vinden. Aan de Noordzyde had dit gebouw nog verscheidstr">
              <Shape>
                <Polygon POINTS="278,2058 314,2048 336,2058 349,2048 362,2055 395,2052 402,2059 419,2052 428,2060 459,2063 476,2055 489,2064 592,2056 611,2067 637,2064 652,2076 665,2064 698,2060 718,2071 763,2067 791,2092 811,2080 832,2091 868,2067 887,2076 896,2068 918,2068 960,2091 993,2072 1025,2091 1047,2084 1058,2095 1098,2072 1155,2075 1174,2091 1196,2072 1245,2072 1284,2096 1307,2094 1326,2076 1347,2083 1435,2076 1447,2084 1521,2080 1546,2099 1568,2084 1590,2094 1632,2084 1653,2099 1670,2088 1690,2094 1733,2088 1755,2092 1766,2103 1785,2092 1837,2092 1867,2117 1880,2107 1936,2096 1947,2102 1961,2096 1996,2111 2025,2097 2052,2096 2096,2130 2096,2166 2063,2182 1994,2170 1978,2176 1950,2158 1931,2158 1919,2170 1897,2173 1867,2154 1806,2154 1783,2162 1734,2141 1619,2142 1599,2158 1558,2154 1547,2163 1528,2146 1507,2141 1487,2150 1450,2142 1439,2153 1428,2142 1412,2142 1391,2155 1322,2138 1309,2149 1291,2142 1272,2158 1255,2141 1234,2134 1215,2134 1196,2146 1171,2134 1128,2130 1103,2134 1083,2150 1060,2131 1031,2139 1015,2126 946,2133 927,2122 891,2130 882,2122 827,2125 809,2118 791,2126 728,2118 700,2137 677,2142 645,2141 624,2125 599,2125 567,2150 549,2134 536,2141 516,2121 485,2141 467,2126 443,2133 412,2114 395,2125 373,2106 338,2125 312,2117 295,2129 278,2126"/>
              </Shape>
            </String>
          </TextLine>
          <TextLine ID="line_7265c9f1-ac0e-482b-8f2c-9992faa1288d" HEIGHT="117" WIDTH="1727" HPOS="274" VPOS="2106" STYLEREFS="textstyle-None---sans-serif---proportional---None---None---None">
            <Shape>
              <Polygon POINTS="274,2130 295,2129 334,2106 343,2113 376,2110 391,2125 417,2133 436,2118 452,2132 473,2129 485,2140 528,2117 566,2149 600,2124 624,2125 646,2141 681,2137 688,2144 727,2118 757,2118 768,2125 841,2122 850,2129 881,2122 889,2129 933,2126 945,2133 1000,2133 1017,2126 1045,2137 1057,2132 1081,2149 1122,2126 1152,2132 1166,2145 1190,2141 1204,2130 1242,2130 1269,2157 1307,2130 1334,2141 1354,2141 1362,2133 1376,2142 1386,2133 1415,2141 1428,2133 1443,2145 1456,2139 1469,2149 1494,2149 1508,2141 1544,2160 1602,2157 1634,2141 1679,2141 1704,2157 1727,2145 1763,2145 1784,2162 1810,2149 1840,2157 1943,2153 1974,2180 2000,2172 2001,2209 1996,2203 1973,2223 1952,2211 1913,2222 1898,2207 1870,2222 1861,2215 1843,2222 1835,2214 1823,2218 1787,2206 1762,2214 1729,2200 1696,2207 1679,2219 1655,2200 1613,2196 1589,2219 1576,2222 1540,2196 1512,2196 1495,2205 1461,2192 1434,2207 1426,2199 1390,2203 1356,2188 1264,2197 1243,2188 1167,2206 1144,2185 1114,2199 1092,2184 1075,2194 1065,2184 995,2187 988,2180 928,2180 914,2191 890,2192 867,2211 820,2195 804,2203 791,2190 745,2176 680,2188 645,2172 634,2179 608,2172 595,2182 584,2172 540,2168 524,2172 497,2195 477,2175 431,2183 386,2165 347,2179 328,2165 274,2184"/>
            </Shape>
            <String ID="line_7265c9f1-ac0e-482b-8f2c-9992faa1288d-dummy-Word" HEIGHT="117" WIDTH="1727" HPOS="274" VPOS="2106" CONTENT="zalen en apartementen gelyk ook een groote ronertraal welke den 24 Februa">
              <Shape>
                <Polygon POINTS="274,2130 295,2129 334,2106 343,2113 376,2110 391,2125 417,2133 436,2118 452,2132 473,2129 485,2140 528,2117 566,2149 600,2124 624,2125 646,2141 681,2137 688,2144 727,2118 757,2118 768,2125 841,2122 850,2129 881,2122 889,2129 933,2126 945,2133 1000,2133 1017,2126 1045,2137 1057,2132 1081,2149 1122,2126 1152,2132 1166,2145 1190,2141 1204,2130 1242,2130 1269,2157 1307,2130 1334,2141 1354,2141 1362,2133 1376,2142 1386,2133 1415,2141 1428,2133 1443,2145 1456,2139 1469,2149 1494,2149 1508,2141 1544,2160 1602,2157 1634,2141 1679,2141 1704,2157 1727,2145 1763,2145 1784,2162 1810,2149 1840,2157 1943,2153 1974,2180 2000,2172 2001,2209 1996,2203 1973,2223 1952,2211 1913,2222 1898,2207 1870,2222 1861,2215 1843,2222 1835,2214 1823,2218 1787,2206 1762,2214 1729,2200 1696,2207 1679,2219 1655,2200 1613,2196 1589,2219 1576,2222 1540,2196 1512,2196 1495,2205 1461,2192 1434,2207 1426,2199 1390,2203 1356,2188 1264,2197 1243,2188 1167,2206 1144,2185 1114,2199 1092,2184 1075,2194 1065,2184 995,2187 988,2180 928,2180 914,2191 890,2192 867,2211 820,2195 804,2203 791,2190 745,2176 680,2188 645,2172 634,2179 608,2172 595,2182 584,2172 540,2168 524,2172 497,2195 477,2175 431,2183 386,2165 347,2179 328,2165 274,2184"/>
              </Shape>
            </String>
          </TextLine>
          <TextLine ID="line_9ee06e79-5564-44f5-b109-ea7853730121" HEIGHT="129" WIDTH="1725" HPOS="271" VPOS="2164" STYLEREFS="textstyle-None---sans-serif---proportional---None---None---None">
            <Shape>
              <Polygon POINTS="271,2190 293,2174 376,2164 407,2174 466,2167 505,2198 532,2174 555,2182 566,2171 647,2175 667,2184 683,2175 701,2182 763,2182 792,2190 804,2202 830,2201 849,2190 865,2206 900,2186 911,2193 937,2182 974,2183 989,2194 1001,2183 1049,2182 1072,2197 1090,2183 1114,2198 1146,2186 1166,2206 1188,2198 1209,2201 1246,2186 1265,2198 1341,2186 1425,2206 1461,2190 1480,2190 1502,2202 1541,2194 1576,2222 1613,2194 1630,2194 1654,2198 1667,2209 1673,2203 1686,2213 1717,2201 1735,2214 1786,2205 1795,2214 1835,2214 1846,2222 1864,2217 1879,2225 1889,2218 1922,2222 1934,2213 1960,2214 1968,2222 1991,2218 1996,2260 1960,2280 1948,2268 1921,2283 1914,2276 1888,2276 1875,2288 1835,2276 1807,2293 1761,2256 1717,2271 1691,2264 1677,2276 1647,2264 1641,2268 1621,2253 1559,2260 1548,2252 1532,2256 1515,2249 1487,2258 1460,2249 1419,2249 1389,2256 1378,2245 1343,2245 1312,2256 1293,2245 1274,2245 1236,2268 1224,2268 1187,2242 1154,2256 1139,2241 1130,2248 1113,2241 1092,2256 1068,2241 1051,2256 1027,2260 1012,2249 987,2252 972,2237 954,2244 926,2237 918,2244 895,2233 878,2240 859,2233 788,2233 759,2256 736,2233 710,2229 685,2252 666,2248 656,2256 640,2244 619,2260 594,2240 563,2247 520,2239 509,2244 454,2221 413,2221 394,2236 381,2224 360,2236 322,2217 292,2217 271,2229"/>
            </Shape>
            <String ID="line_9ee06e79-5564-44f5-b109-ea7853730121-dummy-Word" HEIGHT="129" WIDTH="1725" HPOS="271" VPOS="2164" CONTENT="1803 met de schepping van Hayde ingewyd wierd: dezelve kon 1000 persone">
              <Shape>
                <Polygon POINTS="271,2190 293,2174 376,2164 407,2174 466,2167 505,2198 532,2174 555,2182 566,2171 647,2175 667,2184 683,2175 701,2182 763,2182 792,2190 804,2202 830,2201 849,2190 865,2206 900,2186 911,2193 937,2182 974,2183 989,2194 1001,2183 1049,2182 1072,2197 1090,2183 1114,2198 1146,2186 1166,2206 1188,2198 1209,2201 1246,2186 1265,2198 1341,2186 1425,2206 1461,2190 1480,2190 1502,2202 1541,2194 1576,2222 1613,2194 1630,2194 1654,2198 1667,2209 1673,2203 1686,2213 1717,2201 1735,2214 1786,2205 1795,2214 1835,2214 1846,2222 1864,2217 1879,2225 1889,2218 1922,2222 1934,2213 1960,2214 1968,2222 1991,2218 1996,2260 1960,2280 1948,2268 1921,2283 1914,2276 1888,2276 1875,2288 1835,2276 1807,2293 1761,2256 1717,2271 1691,2264 1677,2276 1647,2264 1641,2268 1621,2253 1559,2260 1548,2252 1532,2256 1515,2249 1487,2258 1460,2249 1419,2249 1389,2256 1378,2245 1343,2245 1312,2256 1293,2245 1274,2245 1236,2268 1224,2268 1187,2242 1154,2256 1139,2241 1130,2248 1113,2241 1092,2256 1068,2241 1051,2256 1027,2260 1012,2249 987,2252 972,2237 954,2244 926,2237 918,2244 895,2233 878,2240 859,2233 788,2233 759,2256 736,2233 710,2229 685,2252 666,2248 656,2256 640,2244 619,2260 594,2240 563,2247 520,2239 509,2244 454,2221 413,2221 394,2236 381,2224 360,2236 322,2217 292,2217 271,2229"/>
              </Shape>
            </String>
          </TextLine>
          <TextLine ID="ba0a2d3c-bfa6-4936-b402-f2d289a525a0" HEIGHT="138" WIDTH="1823" HPOS="273" VPOS="2217" STYLEREFS="textstyle-None---sans-serif---proportional---None---None---None">
            <Shape>
              <Polygon POINTS="273,2229 297,2217 324,2217 358,2232 387,2221 463,2221 507,2244 538,2236 566,2245 583,2237 617,2260 643,2241 682,2253 708,2229 739,2229 754,2241 765,2233 808,2233 815,2240 839,2233 867,2241 902,2236 929,2253 944,2253 960,2237 974,2237 989,2252 1007,2244 1028,2261 1046,2256 1065,2237 1091,2256 1106,2245 1128,2248 1138,2241 1163,2263 1169,2258 1185,2264 1209,2254 1224,2269 1235,2269 1267,2245 1292,2245 1310,2256 1335,2245 1376,2245 1388,2256 1459,2248 1493,2264 1512,2252 1547,2253 1554,2260 1620,2252 1657,2273 1675,2257 1703,2273 1766,2261 1806,2293 1837,2276 1871,2289 1890,2276 1911,2277 1930,2292 1954,2284 1984,2261 1996,2261 2022,2280 2034,2275 2072,2292 2096,2291 2096,2327 2089,2334 2076,2330 2027,2342 2006,2355 1963,2319 1940,2319 1907,2334 1884,2319 1865,2325 1848,2315 1836,2322 1803,2316 1787,2331 1762,2335 1722,2311 1703,2318 1690,2311 1679,2322 1664,2311 1637,2311 1619,2324 1590,2307 1568,2323 1549,2323 1530,2307 1511,2307 1462,2326 1422,2318 1407,2303 1379,2311 1363,2302 1334,2318 1299,2299 1262,2299 1230,2318 1191,2318 1173,2302 1148,2310 1131,2302 1107,2314 1081,2298 1047,2303 1031,2291 981,2291 967,2302 956,2291 885,2287 854,2303 802,2283 746,2297 727,2287 691,2286 679,2294 664,2286 653,2294 637,2279 624,2286 604,2279 573,2286 562,2279 550,2288 497,2295 481,2279 465,2286 438,2275 415,2284 401,2275 394,2282 372,2278 352,2286 326,2271 273,2275"/>
            </Shape>
            <String ID="ba0a2d3c-bfa6-4936-b402-f2d289a525a0-dummy-Word" HEIGHT="138" WIDTH="1823" HPOS="273" VPOS="2217" CONTENT="bevatten. — Een Joodsch van kier heeft aan den Intendant Generaal Grave van Gen">
              <Shape>
                <Polygon POINTS="273,2229 297,2217 324,2217 358,2232 387,2221 463,2221 507,2244 538,2236 566,2245 583,2237 617,2260 643,2241 682,2253 708,2229 739,2229 754,2241 765,2233 808,2233 815,2240 839,2233 867,2241 902,2236 929,2253 944,2253 960,2237 974,2237 989,2252 1007,2244 1028,2261 1046,2256 1065,2237 1091,2256 1106,2245 1128,2248 1138,2241 1163,2263 1169,2258 1185,2264 1209,2254 1224,2269 1235,2269 1267,2245 1292,2245 1310,2256 1335,2245 1376,2245 1388,2256 1459,2248 1493,2264 1512,2252 1547,2253 1554,2260 1620,2252 1657,2273 1675,2257 1703,2273 1766,2261 1806,2293 1837,2276 1871,2289 1890,2276 1911,2277 1930,2292 1954,2284 1984,2261 1996,2261 2022,2280 2034,2275 2072,2292 2096,2291 2096,2327 2089,2334 2076,2330 2027,2342 2006,2355 1963,2319 1940,2319 1907,2334 1884,2319 1865,2325 1848,2315 1836,2322 1803,2316 1787,2331 1762,2335 1722,2311 1703,2318 1690,2311 1679,2322 1664,2311 1637,2311 1619,2324 1590,2307 1568,2323 1549,2323 1530,2307 1511,2307 1462,2326 1422,2318 1407,2303 1379,2311 1363,2302 1334,2318 1299,2299 1262,2299 1230,2318 1191,2318 1173,2302 1148,2310 1131,2302 1107,2314 1081,2298 1047,2303 1031,2291 981,2291 967,2302 956,2291 885,2287 854,2303 802,2283 746,2297 727,2287 691,2286 679,2294 664,2286 653,2294 637,2279 624,2286 604,2279 573,2286 562,2279 550,2288 497,2295 481,2279 465,2286 438,2275 415,2284 401,2275 394,2282 372,2278 352,2286 326,2271 273,2275"/>
              </Shape>
            </String>
          </TextLine>
          <TextLine ID="eeee5e53-3462-41a8-a0f8-89319ea2bd83" HEIGHT="116" WIDTH="1709" HPOS="280" VPOS="2273" STYLEREFS="textstyle-None---sans-serif---proportional---None---None---None">
            <Shape>
              <Polygon POINTS="280,2276 327,2273 350,2288 366,2280 414,2285 437,2277 450,2288 480,2284 496,2300 534,2288 544,2295 560,2280 588,2292 607,2281 626,2284 649,2296 674,2281 750,2296 803,2288 812,2295 835,2292 852,2304 885,2289 909,2308 946,2292 971,2300 989,2289 1030,2292 1048,2305 1086,2300 1111,2315 1129,2303 1176,2304 1188,2316 1210,2319 1232,2316 1269,2296 1279,2304 1302,2300 1319,2316 1336,2319 1367,2300 1384,2315 1405,2302 1419,2316 1476,2326 1522,2304 1551,2324 1571,2323 1588,2308 1628,2316 1660,2308 1691,2334 1729,2316 1763,2336 1788,2332 1804,2316 1845,2335 1876,2316 1905,2332 1935,2320 1963,2320 1981,2335 1989,2330 1989,2365 1985,2360 1950,2385 1929,2374 1906,2389 1890,2378 1880,2382 1867,2370 1825,2382 1804,2366 1778,2366 1769,2359 1684,2366 1650,2355 1596,2355 1572,2374 1541,2355 1523,2362 1489,2355 1453,2374 1409,2365 1343,2370 1290,2351 1262,2350 1244,2358 1232,2347 1201,2353 1110,2347 1097,2354 1088,2347 1072,2358 1057,2343 1046,2343 1028,2358 997,2343 969,2343 962,2350 938,2339 901,2339 890,2346 836,2339 819,2345 807,2335 711,2335 670,2358 661,2350 601,2350 579,2331 552,2347 514,2331 459,2354 420,2354 391,2331 372,2342 357,2327 315,2327 280,2346"/>
            </Shape>
            <String ID="eeee5e53-3462-41a8-a0f8-89319ea2bd83-dummy-Word" HEIGHT="116" WIDTH="1709" HPOS="280" VPOS="2273" CONTENT="Bruhl eene goede som doen ter hand zonder interest aangeboden ten einde de nodig">
              <Shape>
                <Polygon POINTS="280,2276 327,2273 350,2288 366,2280 414,2285 437,2277 450,2288 480,2284 496,2300 534,2288 544,2295 560,2280 588,2292 607,2281 626,2284 649,2296 674,2281 750,2296 803,2288 812,2295 835,2292 852,2304 885,2289 909,2308 946,2292 971,2300 989,2289 1030,2292 1048,2305 1086,2300 1111,2315 1129,2303 1176,2304 1188,2316 1210,2319 1232,2316 1269,2296 1279,2304 1302,2300 1319,2316 1336,2319 1367,2300 1384,2315 1405,2302 1419,2316 1476,2326 1522,2304 1551,2324 1571,2323 1588,2308 1628,2316 1660,2308 1691,2334 1729,2316 1763,2336 1788,2332 1804,2316 1845,2335 1876,2316 1905,2332 1935,2320 1963,2320 1981,2335 1989,2330 1989,2365 1985,2360 1950,2385 1929,2374 1906,2389 1890,2378 1880,2382 1867,2370 1825,2382 1804,2366 1778,2366 1769,2359 1684,2366 1650,2355 1596,2355 1572,2374 1541,2355 1523,2362 1489,2355 1453,2374 1409,2365 1343,2370 1290,2351 1262,2350 1244,2358 1232,2347 1201,2353 1110,2347 1097,2354 1088,2347 1072,2358 1057,2343 1046,2343 1028,2358 997,2343 969,2343 962,2350 938,2339 901,2339 890,2346 836,2339 819,2345 807,2335 711,2335 670,2358 661,2350 601,2350 579,2331 552,2347 514,2331 459,2354 420,2354 391,2331 372,2342 357,2327 315,2327 280,2346"/>
              </Shape>
            </String>
          </TextLine>
          <TextLine ID="line_2a9499ad-2e40-4b94-927f-0be7248f4a23" HEIGHT="106" WIDTH="1085" HPOS="280" VPOS="2319" STYLEREFS="textstyle-None---sans-serif---proportional---None---None---None">
            <Shape>
              <Polygon POINTS="280,2319 304,2331 389,2328 412,2351 450,2355 514,2329 548,2348 576,2332 598,2332 619,2351 663,2351 671,2359 712,2344 724,2332 744,2341 759,2336 819,2344 835,2336 874,2336 882,2343 905,2336 955,2351 990,2340 1016,2351 1025,2344 1068,2344 1080,2355 1110,2347 1141,2355 1150,2348 1201,2355 1225,2348 1236,2359 1288,2352 1307,2371 1365,2365 1365,2400 1323,2406 1303,2420 1266,2413 1249,2398 1209,2398 1191,2408 1153,2394 1099,2425 1076,2409 1044,2425 951,2413 922,2394 899,2398 887,2390 867,2398 848,2388 810,2417 765,2398 728,2421 699,2413 665,2388 634,2405 623,2402 598,2421 583,2421 567,2405 550,2409 534,2396 505,2407 471,2397 428,2421 417,2410 399,2413 375,2390 354,2400 311,2375 280,2393"/>
            </Shape>
            <String ID="line_2a9499ad-2e40-4b94-927f-0be7248f4a23-dummy-Word" HEIGHT="106" WIDTH="1085" HPOS="280" VPOS="2319" CONTENT="kledingstukken en dicoratien weder aan te kopen.">
              <Shape>
                <Polygon POINTS="280,2319 304,2331 389,2328 412,2351 450,2355 514,2329 548,2348 576,2332 598,2332 619,2351 663,2351 671,2359 712,2344 724,2332 744,2341 759,2336 819,2344 835,2336 874,2336 882,2343 905,2336 955,2351 990,2340 1016,2351 1025,2344 1068,2344 1080,2355 1110,2347 1141,2355 1150,2348 1201,2355 1225,2348 1236,2359 1288,2352 1307,2371 1365,2365 1365,2400 1323,2406 1303,2420 1266,2413 1249,2398 1209,2398 1191,2408 1153,2394 1099,2425 1076,2409 1044,2425 951,2413 922,2394 899,2398 887,2390 867,2398 848,2388 810,2417 765,2398 728,2421 699,2413 665,2388 634,2405 623,2402 598,2421 583,2421 567,2405 550,2409 534,2396 505,2407 471,2397 428,2421 417,2410 399,2413 375,2390 354,2400 311,2375 280,2393"/>
              </Shape>
            </String>
          </TextLine>
        </TextBlock>
        <TextBlock ID="f46aefbc-5ea2-4d88-9745-63e3f71893a6" HEIGHT="137" WIDTH="952" HPOS="1042" VPOS="2358" IDNEXT="f2821592-1cc4-482a-a921-12b828464bdd">
          <Shape>
            <Polygon POINTS="1042,2358 1994,2358 1994,2495 1042,2495"/>
          </Shape>
          <TextLine ID="ef9c28a1-19b2-4065-aaf0-587ca16c4714" HEIGHT="137" WIDTH="952" HPOS="1042" VPOS="2358" STYLEREFS="textstyle-None---sans-serif---proportional---None---None---None">
            <Shape>
              <Polygon POINTS="1042,2425 1072,2408 1099,2425 1153,2394 1169,2405 1187,2406 1257,2398 1280,2417 1288,2413 1302,2420 1367,2394 1390,2410 1422,2390 1449,2390 1462,2401 1504,2366 1537,2366 1548,2358 1572,2374 1586,2363 1613,2381 1630,2376 1693,2421 1727,2410 1743,2417 1757,2410 1772,2421 1798,2406 1834,2437 1848,2427 1863,2437 1909,2414 1965,2425 1976,2418 1994,2431 1994,2467 1976,2480 1960,2472 1934,2494 1921,2483 1900,2495 1869,2479 1805,2491 1755,2464 1710,2456 1690,2456 1683,2463 1666,2456 1651,2467 1614,2456 1590,2472 1567,2468 1546,2479 1517,2453 1497,2463 1480,2453 1400,2460 1392,2452 1366,2449 1328,2475 1287,2449 1257,2449 1208,2463 1197,2452 1178,2456 1150,2445 1126,2445 1102,2456 1052,2441 1042,2445"/>
            </Shape>
            <String ID="ef9c28a1-19b2-4065-aaf0-587ca16c4714-dummy-Word" HEIGHT="137" WIDTH="952" HPOS="1042" VPOS="2358" CONTENT="Prov: Gron: Cour: No 64d 65. 12 &amp; 15 Augus: 1817.">
              <Shape>
                <Polygon POINTS="1042,2425 1072,2408 1099,2425 1153,2394 1169,2405 1187,2406 1257,2398 1280,2417 1288,2413 1302,2420 1367,2394 1390,2410 1422,2390 1449,2390 1462,2401 1504,2366 1537,2366 1548,2358 1572,2374 1586,2363 1613,2381 1630,2376 1693,2421 1727,2410 1743,2417 1757,2410 1772,2421 1798,2406 1834,2437 1848,2427 1863,2437 1909,2414 1965,2425 1976,2418 1994,2431 1994,2467 1976,2480 1960,2472 1934,2494 1921,2483 1900,2495 1869,2479 1805,2491 1755,2464 1710,2456 1690,2456 1683,2463 1666,2456 1651,2467 1614,2456 1590,2472 1567,2468 1546,2479 1517,2453 1497,2463 1480,2453 1400,2460 1392,2452 1366,2449 1328,2475 1287,2449 1257,2449 1208,2463 1197,2452 1178,2456 1150,2445 1126,2445 1102,2456 1052,2441 1042,2445"/>
              </Shape>
            </String>
          </TextLine>
        </TextBlock>
        <TextBlock ID="f2821592-1cc4-482a-a921-12b828464bdd" HEIGHT="492" WIDTH="66" HPOS="2030" VPOS="286">
          <Shape>
            <Polygon POINTS="2030,286 2096,286 2096,778 2030,778"/>
          </Shape>
          <TextLine ID="line_7286586a-ff57-4bb9-85b9-40680b5a65ba" HEIGHT="58" WIDTH="49" HPOS="2047" VPOS="286" STYLEREFS="textstyle-None---sans-serif---proportional---None---None---None">
            <Shape>
              <Polygon POINTS="2047,286 2058,286 2091,310 2096,305 2092,344 2047,344"/>
            </Shape>
            <String ID="line_7286586a-ff57-4bb9-85b9-40680b5a65ba-word0" HEIGHT="58" WIDTH="49" HPOS="2047" VPOS="286" CONTENT=""/>
          </TextLine>
          <TextLine ID="line_0fd3d5bd-9ab7-4cca-b1d2-993aa8394fab" HEIGHT="51" WIDTH="54" HPOS="2042" VPOS="371" STYLEREFS="textstyle-None---sans-serif---proportional---None---None---None">
            <Shape>
              <Polygon POINTS="2042,374 2067,383 2096,371 2096,408 2090,414 2065,417 2056,410 2042,422"/>
            </Shape>
            <String ID="line_0fd3d5bd-9ab7-4cca-b1d2-993aa8394fab-dummy-Word" HEIGHT="51" WIDTH="54" HPOS="2042" VPOS="371" CONTENT="an">
              <Shape>
                <Polygon POINTS="2042,374 2067,383 2096,371 2096,408 2090,414 2065,417 2056,410 2042,422"/>
              </Shape>
            </String>
          </TextLine>
          <TextLine ID="line_2c7e1d63-7f60-458a-83ba-f7e0921beee3" HEIGHT="51" WIDTH="52" HPOS="2044" VPOS="433" STYLEREFS="textstyle-None---sans-serif---proportional---None---None---None">
            <Shape>
              <Polygon POINTS="2044,433 2096,435 2093,475 2063,473 2051,484 2044,480"/>
            </Shape>
            <String ID="line_2c7e1d63-7f60-458a-83ba-f7e0921beee3-word0" HEIGHT="51" WIDTH="52" HPOS="2044" VPOS="433" CONTENT=""/>
          </TextLine>
          <TextLine ID="line_66db4082-310c-47bd-ba4a-bfa3a301bc12" HEIGHT="44" WIDTH="55" HPOS="2041" VPOS="490" STYLEREFS="textstyle-None---sans-serif---proportional---None---None---None">
            <Shape>
              <Polygon POINTS="2041,495 2061,503 2076,502 2089,490 2096,494 2092,534 2041,533"/>
            </Shape>
            <String ID="line_66db4082-310c-47bd-ba4a-bfa3a301bc12-dummy-Word" HEIGHT="44" WIDTH="55" HPOS="2041" VPOS="490" CONTENT="d">
              <Shape>
                <Polygon POINTS="2041,495 2061,503 2076,502 2089,490 2096,494 2092,534 2041,533"/>
              </Shape>
            </String>
          </TextLine>
          <TextLine ID="line_0a7fb0a4-c605-47f7-8559-54419fed0db6" HEIGHT="97" WIDTH="66" HPOS="2030" VPOS="517" STYLEREFS="textstyle-None---sans-serif---proportional---None---None---None">
            <Shape>
              <Polygon POINTS="2030,520 2036,517 2096,567 2093,606 2052,607 2045,614 2030,607"/>
            </Shape>
            <String ID="line_0a7fb0a4-c605-47f7-8559-54419fed0db6-dummy-Word" HEIGHT="97" WIDTH="66" HPOS="2030" VPOS="517" CONTENT="re">
              <Shape>
                <Polygon POINTS="2030,520 2036,517 2096,567 2093,606 2052,607 2045,614 2030,607"/>
              </Shape>
            </String>
          </TextLine>
          <TextLine ID="b6a5806d-92f8-45e8-acfe-86458a0bac34" HEIGHT="69" WIDTH="61" HPOS="2035" VPOS="608" STYLEREFS="textstyle-None---sans-serif---proportional---None---None---None">
            <Shape>
              <Polygon POINTS="2035,619 2064,608 2096,632 2096,669 2088,677 2035,670"/>
            </Shape>
            <String ID="b6a5806d-92f8-45e8-acfe-86458a0bac34-dummy-Word" HEIGHT="69" WIDTH="61" HPOS="2035" VPOS="608" CONTENT="lle">
              <Shape>
                <Polygon POINTS="2035,619 2064,608 2096,632 2096,669 2088,677 2035,670"/>
              </Shape>
            </String>
          </TextLine>
          <TextLine ID="ff40c7bc-fba1-4750-8389-c66855c4b392" HEIGHT="86" WIDTH="60" HPOS="2036" VPOS="692" STYLEREFS="textstyle-None---sans-serif---proportional---None---None---None">
            <Shape>
              <Polygon POINTS="2036,700 2057,704 2073,692 2096,705 2096,742 2061,773 2048,778 2036,769"/>
            </Shape>
            <String ID="ff40c7bc-fba1-4750-8389-c66855c4b392-dummy-Word" HEIGHT="86" WIDTH="60" HPOS="2036" VPOS="692" CONTENT="g">
              <Shape>
                <Polygon POINTS="2036,700 2057,704 2073,692 2096,705 2096,742 2061,773 2048,778 2036,769"/>
              </Shape>
            </String>
          </TextLine>
        </TextBlock>
      </PrintSpace>
    </Page>
  </Layout>
</alto>
