2083 2540
411 1 329 88 Personer

1886 32 90 85 20

168 46 1768 160 door hun reis naar Parys hebbende de fatiques der reis niet kunnen

168 130 1794 137 doorstaan; hier muntte inzonderheid eene Venus de medicis en twee

166 191 1799 174 woreldaars uit: onder de antiguen waren zeer schoone van Kurk nage„

169 253 1817 145 maakte suines het Palazo di Maecenate te Twoli, della niinfa het

167 311 1831 152 Bagno della nimfa Egeria euz, een Aristoteles voldeet ons hier ook

164 379 1826 156 zee. Agter deeze zaalen is door Hierongmas in de gedaan te va

166 448 1832 156 een halven cixcel een schoon gebouw voor de standen of zoogenaam

165 514 1817 165 de stats gebouwd in hetzelve was een troon voor de Koning als

172 581 1797 178 hy de vergaderinge bywoonde, doch thans wordt, volgens het

173 646 1848 181 getuigenis van onzen conducteur, geen gebruik va meer van dit gedeel„

178 726 1746 164 te gemaakt. Na nog eene Kamer met versteeningen, mineralen en

179 794 1803 170 schelpen, waarin egter niets byzonders, gezien te hebben, bragt men

177 875 1807 146 ons in een vertrek met oude penningen zeer nettjes onderglazen Ge=

181 938 1835 171 schikt, hier waren ook veele kleine beeldjes, antiquiteiten, en een groote

187 1006 1825 170 verzameling van edelgesteenten waaronder een groote Onys byzon„

184 1085 1782 177 der uitmuntte. Dan wat wy eigenlijk in de daar aan grenzende

186 1151 1800 182 kamer zagen kan ik in niet zeggen genoeg het ware lontere

183 1227 1804 169 pretiosa het eene stuk Kostbaarder als het andere, en op de ver=

185 1293 1818 184 schillendste wyze in goud zilver of edelgesteentens bewenkt, men vond

184 1364 1817 180 er eene kast vol van allerlydingen uit baansteen gemaakt van het

189 1437 1851 201 grootste tot het kleinste toe, in het midden der kamer dag men de

197 1511 1840 196 vesting Rheinfels als Mozaick. Hier naast was een vertrek geheel

195 1585 1806 194 met klokken pendules en horlogies gevuld waaronder van de

194 1668 1837 178 aller eerste uitvinding, zommige klokken deden by het slaan gehe

194 1745 1790 181 le Schilderyen te voorschin komen, een veild waarin een uurwerk

196 1815 1805 190 school op zekere lyden een pistool af en dergelike meer zoo wa¬

195 1898 1823 184 ren wy tot de laatste kamer beneden gekomen waarin niets dan

202 1984 1804 172 mosaick men vond er aartige dingen onder. nu bleef ons alleen boven

210 2048 1809 205 nog twee kamers overig om te zien, werwaarts wij met onzen Profes¬

208 2132 1793 201 for Malsko langs een breede trup gingen: de eerste van deeze
