2083 2540
183 77 1798 158 maonschoten gaven te kennen dat zy zich gereed maakte en by het de=

182 175 1803 126 „schot steeg zij op, het was 5 uuren toen zy hare lucktreis aannam

182 235 1791 124 naderhand dagen wy uit de Couranten dat zy tusschen 9en 10 uuren

180 301 1796 137 Transfort aan de oder behouden was neer gekomen. In de yzer gie=

183 366 1794 143 y zagen wy de verschriklyke ovens waarin het yzer nagenoeg tot

184 444 1685 136 kolverbaarheid van Lyroop gebragt ^ en verschillende formen tot

183 500 1788 153 laten enz gegoten wordt. Hier was ook een stoom wagen waarmede

191 583 1776 133 nen proeven nam of dezelve met succes in de mynen zoude kunnen

180 645 1802 147 gebruikt worden: daar men juist hiermede bezig was zagen wy de=

173 723 1724 144 dve werken en reden er eenige malen mede heen en weder:

171 788 1798 154 daar echter de werking nog al Gecompliceerd was kan ik whie

173 862 1744 153 van weinig zeggen, de gedakte wielen sloegen ieder reis in de

173 935 1751 151 takken van de izeren spooren waardoor aan de wagen de

173 1014 1795 147 ligting gegeven en het terug gaan verhonderd wierd. In deeze

173 1092 1739 142 abriek worden al zeer groote stukken gegoten zoo zagen wij

172 1168 1776 130 och hier een ontzettend groot en zwaar monument van Gego

173 1239 1744 142 ten yzer hetwelk op het slagveld van Lutzen zal geplaatst

170 1291 1818 142 worden daar waar de Prins van Heesen Homburg Sneuvelde.

170 1373 1835 152 By deeze yzergietery is een afzonderlyk gebouw waren allerhande waren

170 1446 1755 129 zeer het van ijzer gemaakt als colliers, spelden, oorringen, agrafen,

170 1509 1809 144 braceletten, horologie sleuteltjes, kleine penningetjes enz: dit scheen

169 1581 1752 159 met de grootte fabriek in verband te staan want in plaats van

168 1650 1771 163 aan de knegts eenig drinkgeld te geven, koopt men Gewoonlyk

168 1716 1824 153 iets uit dit magazyn waarvan alle stukken zeer goed bearbeid

165 1800 1777 126 waren. — Wederom stedewaarts gaande hadden wy nogmaals

171 1863 1829 158 gelegenheid om alle boven reeds genoemde hoge personaadjes behal„

175 1934 1832 156 vedekoning, die naar Carlsbad vertrokken is, ) by een tezien ten huize

173 2012 1818 163 van onze Koningin onder de Linden waar zy successivelyk op het

177 2087 1821 146 balion en de opgeschovene raams verschenen: dit huis door onzen

183 2158 1817 153 koning, gedurende zijn verblif te Berlijn, en naderhand als Prins

181 2237 1802 152 van Oranje Fulda, bewoond, kwam weleer aan de beruchte Gra„

184 2313 1820 158 van van Lichtenan toe en is na de dood van de vorige Koning
