<?xml version='1.0' encoding='UTF-8' standalone='yes'?>
<alto xmlns:xsi="http://www.w3.org/2001/XMLSchema-instance" xmlns="http://www.loc.gov/standards/alto/ns-v4#" xsi:schemaLocation="http://www.loc.gov/standards/alto/ns-v4# http://www.loc.gov/standards/alto/v4/alto-4-2.xsd" SCHEMAVERSION="4.2">
  <Description>
    <MeasurementUnit>pixel</MeasurementUnit>
    <sourceImageInformation>
      <fileName>0319_0552_0179_0319.jpg</fileName>
    </sourceImageInformation>
  </Description>
  <Styles>
    <TextStyle ID="textstyle-None---sans-serif---proportional---None---None---None" FONTTYPE="sans-serif" FONTWIDTH="proportional"/>
  </Styles>
  <Tags/>
  <Layout>
    <Page ID="None" PHYSICAL_IMG_NR="0" WIDTH="2083" HEIGHT="2540">
      <PrintSpace VPOS="0" HPOS="0" HEIGHT="2540" WIDTH="2083">
        <TextBlock ID="region_4248980f-5a0b-4e38-ae72-db8c34941baf" HEIGHT="72" WIDTH="94" HPOS="1933" VPOS="25" IDNEXT="fc5bb016-aade-4d64-8004-bcd10e204591">
          <Shape>
            <Polygon POINTS="1933,25 2027,25 2027,97 1933,97"/>
          </Shape>
          <TextLine ID="line_8a6558d4-e911-49fd-b8e5-41532ff66fe1" HEIGHT="72" WIDTH="94" HPOS="1933" VPOS="25" STYLEREFS="textstyle-None---sans-serif---proportional---None---None---None">
            <Shape>
              <Polygon POINTS="1933,29 1988,25 2001,37 2027,41 2027,84 2021,78 1975,97 1956,82 1933,78"/>
            </Shape>
            <String ID="line_8a6558d4-e911-49fd-b8e5-41532ff66fe1-dummy-Word" HEIGHT="72" WIDTH="94" HPOS="1933" VPOS="25" CONTENT="151.">
              <Shape>
                <Polygon POINTS="1933,29 1988,25 2001,37 2027,41 2027,84 2021,78 1975,97 1956,82 1933,78"/>
              </Shape>
            </String>
          </TextLine>
        </TextBlock>
        <TextBlock ID="fc5bb016-aade-4d64-8004-bcd10e204591" HEIGHT="2388" WIDTH="1909" HPOS="172" VPOS="42">
          <Shape>
            <Polygon POINTS="172,42 2081,42 2081,2430 172,2430"/>
          </Shape>
          <TextLine ID="line_879c5fb7-c43f-459c-a038-3e7674fd2553" HEIGHT="157" WIDTH="1775" HPOS="212" VPOS="42" STYLEREFS="textstyle-None---sans-serif---proportional---None---None---None">
            <Shape>
              <Polygon POINTS="212,42 250,68 274,68 298,84 315,76 353,84 364,73 376,76 385,69 431,89 480,71 495,85 549,85 567,69 598,80 622,77 633,88 645,88 664,69 693,68 701,76 725,56 742,61 769,88 801,89 822,85 838,69 875,53 887,65 930,77 942,69 972,69 988,54 1024,53 1032,61 1040,53 1050,60 1074,53 1090,69 1109,60 1160,69 1191,49 1230,69 1256,57 1274,68 1292,68 1317,49 1336,61 1403,49 1421,64 1432,53 1450,52 1459,61 1515,61 1530,71 1546,61 1573,80 1615,57 1637,68 1666,65 1683,80 1733,53 1748,65 1790,47 1801,57 1818,42 1848,53 1857,45 1876,45 1901,68 1922,76 1963,85 1987,82 1987,124 1973,124 1957,136 1925,143 1907,132 1862,128 1828,151 1815,147 1785,160 1769,155 1745,132 1725,143 1707,132 1686,140 1662,132 1630,164 1583,140 1561,140 1533,159 1482,136 1444,151 1422,136 1403,136 1394,144 1382,136 1365,144 1352,136 1321,156 1302,140 1279,151 1255,140 1216,151 1196,140 1178,155 1156,151 1137,164 1112,148 926,148 908,164 888,159 874,167 848,152 813,162 796,152 758,175 710,167 691,175 676,171 668,179 640,172 624,179 574,159 539,163 529,171 506,164 464,199 449,193 434,198 397,164 378,175 364,164 345,176 313,175 295,190 261,167 238,168 226,179 212,175"/>
            </Shape>
            <String ID="line_879c5fb7-c43f-459c-a038-3e7674fd2553-dummy-Word" HEIGHT="157" WIDTH="1775" HPOS="212" VPOS="42" CONTENT="dat niets byzonders was. De stad is door eene schoone brug van byna 400">
              <Shape>
                <Polygon POINTS="212,42 250,68 274,68 298,84 315,76 353,84 364,73 376,76 385,69 431,89 480,71 495,85 549,85 567,69 598,80 622,77 633,88 645,88 664,69 693,68 701,76 725,56 742,61 769,88 801,89 822,85 838,69 875,53 887,65 930,77 942,69 972,69 988,54 1024,53 1032,61 1040,53 1050,60 1074,53 1090,69 1109,60 1160,69 1191,49 1230,69 1256,57 1274,68 1292,68 1317,49 1336,61 1403,49 1421,64 1432,53 1450,52 1459,61 1515,61 1530,71 1546,61 1573,80 1615,57 1637,68 1666,65 1683,80 1733,53 1748,65 1790,47 1801,57 1818,42 1848,53 1857,45 1876,45 1901,68 1922,76 1963,85 1987,82 1987,124 1973,124 1957,136 1925,143 1907,132 1862,128 1828,151 1815,147 1785,160 1769,155 1745,132 1725,143 1707,132 1686,140 1662,132 1630,164 1583,140 1561,140 1533,159 1482,136 1444,151 1422,136 1403,136 1394,144 1382,136 1365,144 1352,136 1321,156 1302,140 1279,151 1255,140 1216,151 1196,140 1178,155 1156,151 1137,164 1112,148 926,148 908,164 888,159 874,167 848,152 813,162 796,152 758,175 710,167 691,175 676,171 668,179 640,172 624,179 574,159 539,163 529,171 506,164 464,199 449,193 434,198 397,164 378,175 364,164 345,176 313,175 295,190 261,167 238,168 226,179 212,175"/>
              </Shape>
            </String>
          </TextLine>
          <TextLine ID="line_4a1e1423-43ad-4ef2-857e-c35fb6718604" HEIGHT="150" WIDTH="1825" HPOS="207" VPOS="123" STYLEREFS="textstyle-None---sans-serif---proportional---None---None---None">
            <Shape>
              <Polygon POINTS="207,167 230,178 241,167 261,164 295,191 320,174 345,175 361,163 380,173 398,163 423,182 432,178 473,198 504,167 542,170 577,158 597,159 605,167 623,159 641,174 662,174 687,190 722,167 740,167 751,178 796,151 823,157 848,151 877,166 908,163 924,148 931,155 940,147 1037,147 1052,155 1060,147 1079,147 1097,163 1107,156 1128,165 1160,147 1184,151 1196,140 1218,151 1238,143 1252,154 1287,146 1299,155 1310,148 1323,155 1378,136 1393,143 1403,136 1429,143 1443,136 1474,143 1485,136 1515,147 1531,163 1562,139 1585,139 1623,163 1663,132 1675,139 1709,132 1736,151 1754,143 1783,159 1815,147 1828,151 1863,128 1905,135 1922,127 1942,141 1973,124 1997,123 2032,141 2032,186 2009,206 1998,195 1986,203 1960,188 1939,187 1926,195 1908,191 1882,214 1871,215 1855,208 1848,215 1833,207 1818,211 1791,188 1773,188 1755,199 1734,192 1677,192 1636,218 1599,203 1563,207 1530,199 1521,207 1486,207 1472,200 1396,242 1360,211 1344,222 1324,203 1279,211 1263,227 1255,223 1247,231 1232,230 1208,211 1190,218 1175,208 1167,214 1151,207 1142,215 1132,207 1120,219 1073,214 1060,223 1027,223 1015,214 988,211 972,222 952,223 926,215 891,215 883,223 872,216 836,231 784,219 738,254 724,255 695,230 660,219 630,249 599,223 577,223 552,238 484,246 448,270 389,261 353,235 324,257 305,246 283,250 261,235 222,273 207,266"/>
            </Shape>
            <String ID="line_4a1e1423-43ad-4ef2-857e-c35fb6718604-dummy-Word" HEIGHT="150" WIDTH="1825" HPOS="207" VPOS="123" CONTENT="schreden lang (doch geenzins 1400 voeten zoo als de schryvers van de brieven geschre„">
              <Shape>
                <Polygon POINTS="207,167 230,178 241,167 261,164 295,191 320,174 345,175 361,163 380,173 398,163 423,182 432,178 473,198 504,167 542,170 577,158 597,159 605,167 623,159 641,174 662,174 687,190 722,167 740,167 751,178 796,151 823,157 848,151 877,166 908,163 924,148 931,155 940,147 1037,147 1052,155 1060,147 1079,147 1097,163 1107,156 1128,165 1160,147 1184,151 1196,140 1218,151 1238,143 1252,154 1287,146 1299,155 1310,148 1323,155 1378,136 1393,143 1403,136 1429,143 1443,136 1474,143 1485,136 1515,147 1531,163 1562,139 1585,139 1623,163 1663,132 1675,139 1709,132 1736,151 1754,143 1783,159 1815,147 1828,151 1863,128 1905,135 1922,127 1942,141 1973,124 1997,123 2032,141 2032,186 2009,206 1998,195 1986,203 1960,188 1939,187 1926,195 1908,191 1882,214 1871,215 1855,208 1848,215 1833,207 1818,211 1791,188 1773,188 1755,199 1734,192 1677,192 1636,218 1599,203 1563,207 1530,199 1521,207 1486,207 1472,200 1396,242 1360,211 1344,222 1324,203 1279,211 1263,227 1255,223 1247,231 1232,230 1208,211 1190,218 1175,208 1167,214 1151,207 1142,215 1132,207 1120,219 1073,214 1060,223 1027,223 1015,214 988,211 972,222 952,223 926,215 891,215 883,223 872,216 836,231 784,219 738,254 724,255 695,230 660,219 630,249 599,223 577,223 552,238 484,246 448,270 389,261 353,235 324,257 305,246 283,250 261,235 222,273 207,266"/>
              </Shape>
            </String>
          </TextLine>
          <TextLine ID="db2ac495-9ee4-4d81-848e-af5fdbab0059" HEIGHT="136" WIDTH="1809" HPOS="204" VPOS="190" STYLEREFS="textstyle-None---sans-serif---proportional---None---None---None">
            <Shape>
              <Polygon POINTS="204,250 219,237 264,234 284,249 306,246 325,254 356,237 390,261 435,270 484,246 551,238 579,222 599,222 631,247 657,222 689,226 697,218 753,218 769,229 808,218 838,230 846,222 883,222 891,214 950,222 1014,214 1029,224 1053,225 1069,214 1175,206 1193,218 1205,210 1228,230 1244,233 1281,210 1321,206 1340,218 1362,214 1400,241 1468,202 1535,210 1545,202 1564,209 1599,204 1640,214 1673,198 1717,191 1736,198 1760,195 1779,214 1785,210 1795,218 1828,206 1841,214 1880,214 1908,190 1924,198 1954,190 1982,202 1999,195 2013,203 2013,247 2000,258 1971,246 1945,253 1914,246 1906,254 1880,246 1864,258 1805,250 1764,262 1747,278 1720,262 1694,285 1669,285 1653,269 1632,264 1608,285 1589,274 1578,284 1569,277 1541,293 1465,259 1456,265 1410,262 1402,270 1314,266 1290,281 1270,277 1249,294 1220,290 1188,313 1163,289 1130,301 1117,288 1083,289 1065,277 1030,281 1022,274 924,278 902,297 874,278 849,285 839,278 828,285 821,278 805,292 784,282 775,289 753,285 723,310 683,285 661,294 628,293 621,286 599,286 589,294 541,286 500,302 485,290 430,293 419,301 405,290 388,297 362,294 355,301 328,302 301,326 283,325 257,301 204,306"/>
            </Shape>
            <String ID="db2ac495-9ee4-4d81-848e-af5fdbab0059-dummy-Word" HEIGHT="136" WIDTH="1809" HPOS="204" VPOS="190" CONTENT="ven op eene wandeling door Duitschland op bl 170 2 deel opgeven) op veertien">
              <Shape>
                <Polygon POINTS="204,250 219,237 264,234 284,249 306,246 325,254 356,237 390,261 435,270 484,246 551,238 579,222 599,222 631,247 657,222 689,226 697,218 753,218 769,229 808,218 838,230 846,222 883,222 891,214 950,222 1014,214 1029,224 1053,225 1069,214 1175,206 1193,218 1205,210 1228,230 1244,233 1281,210 1321,206 1340,218 1362,214 1400,241 1468,202 1535,210 1545,202 1564,209 1599,204 1640,214 1673,198 1717,191 1736,198 1760,195 1779,214 1785,210 1795,218 1828,206 1841,214 1880,214 1908,190 1924,198 1954,190 1982,202 1999,195 2013,203 2013,247 2000,258 1971,246 1945,253 1914,246 1906,254 1880,246 1864,258 1805,250 1764,262 1747,278 1720,262 1694,285 1669,285 1653,269 1632,264 1608,285 1589,274 1578,284 1569,277 1541,293 1465,259 1456,265 1410,262 1402,270 1314,266 1290,281 1270,277 1249,294 1220,290 1188,313 1163,289 1130,301 1117,288 1083,289 1065,277 1030,281 1022,274 924,278 902,297 874,278 849,285 839,278 828,285 821,278 805,292 784,282 775,289 753,285 723,310 683,285 661,294 628,293 621,286 599,286 589,294 541,286 500,302 485,290 430,293 419,301 405,290 388,297 362,294 355,301 328,302 301,326 283,325 257,301 204,306"/>
              </Shape>
            </String>
          </TextLine>
          <TextLine ID="cde11b40-469a-4e3e-a333-6e37abd3ef74" HEIGHT="146" WIDTH="1814" HPOS="200" VPOS="246" STYLEREFS="textstyle-None---sans-serif---proportional---None---None---None">
            <Shape>
              <Polygon POINTS="200,291 259,300 292,327 325,323 340,331 380,292 401,292 436,312 482,288 528,291 558,319 614,284 657,298 691,287 718,312 754,284 796,284 808,291 825,280 860,287 892,276 932,283 942,276 1003,276 1023,279 1035,291 1053,279 1062,287 1085,283 1116,292 1134,304 1182,275 1221,300 1239,287 1253,292 1273,275 1292,283 1314,267 1365,264 1372,271 1379,264 1401,268 1409,260 1431,263 1444,275 1460,260 1478,260 1541,291 1567,279 1605,287 1645,260 1680,283 1698,283 1721,263 1741,278 1769,259 1808,248 1839,259 1877,248 1901,256 1922,248 1939,259 1956,246 1970,260 1990,252 2001,263 2014,263 2014,306 1973,310 1953,303 1925,318 1901,318 1861,341 1845,326 1807,334 1742,311 1714,326 1691,325 1680,314 1635,314 1581,334 1549,334 1536,325 1522,334 1496,334 1481,321 1468,330 1452,325 1444,331 1398,322 1385,335 1369,330 1356,336 1346,326 1323,326 1296,342 1278,326 1261,326 1226,350 1195,341 1165,357 1149,353 1133,365 1093,341 1073,356 1062,349 1049,356 1020,346 1001,353 963,338 947,346 865,342 841,358 830,349 797,357 774,349 744,361 702,349 680,368 669,357 589,355 557,381 526,380 506,360 482,350 453,369 434,365 407,392 387,382 378,388 351,381 338,372 326,376 305,362 279,372 246,369 223,392 200,381"/>
            </Shape>
            <String ID="cde11b40-469a-4e3e-a333-6e37abd3ef74-dummy-Word" HEIGHT="146" WIDTH="1814" HPOS="200" VPOS="246" CONTENT="schoone oogen rustende met het naburig Taxenhanzen verbonden dat aan">
              <Shape>
                <Polygon POINTS="200,291 259,300 292,327 325,323 340,331 380,292 401,292 436,312 482,288 528,291 558,319 614,284 657,298 691,287 718,312 754,284 796,284 808,291 825,280 860,287 892,276 932,283 942,276 1003,276 1023,279 1035,291 1053,279 1062,287 1085,283 1116,292 1134,304 1182,275 1221,300 1239,287 1253,292 1273,275 1292,283 1314,267 1365,264 1372,271 1379,264 1401,268 1409,260 1431,263 1444,275 1460,260 1478,260 1541,291 1567,279 1605,287 1645,260 1680,283 1698,283 1721,263 1741,278 1769,259 1808,248 1839,259 1877,248 1901,256 1922,248 1939,259 1956,246 1970,260 1990,252 2001,263 2014,263 2014,306 1973,310 1953,303 1925,318 1901,318 1861,341 1845,326 1807,334 1742,311 1714,326 1691,325 1680,314 1635,314 1581,334 1549,334 1536,325 1522,334 1496,334 1481,321 1468,330 1452,325 1444,331 1398,322 1385,335 1369,330 1356,336 1346,326 1323,326 1296,342 1278,326 1261,326 1226,350 1195,341 1165,357 1149,353 1133,365 1093,341 1073,356 1062,349 1049,356 1020,346 1001,353 963,338 947,346 865,342 841,358 830,349 797,357 774,349 744,361 702,349 680,368 669,357 589,355 557,381 526,380 506,360 482,350 453,369 434,365 407,392 387,382 378,388 351,381 338,372 326,376 305,362 279,372 246,369 223,392 200,381"/>
              </Shape>
            </String>
          </TextLine>
          <TextLine ID="line_2e9b9ade-3b57-4bda-b293-98999a602638" HEIGHT="148" WIDTH="1825" HPOS="201" VPOS="307" STYLEREFS="textstyle-None---sans-serif---proportional---None---None---None">
            <Shape>
              <Polygon POINTS="201,378 220,394 251,367 288,374 302,363 335,383 364,378 406,389 459,351 497,354 524,375 558,379 584,355 597,363 614,352 643,359 662,343 695,343 719,354 742,343 762,350 803,343 814,351 826,339 856,339 883,355 904,339 943,346 967,339 1042,359 1090,339 1129,365 1157,354 1165,358 1194,335 1240,342 1253,334 1271,351 1295,351 1325,327 1344,323 1391,339 1433,339 1447,327 1469,331 1481,322 1539,338 1581,315 1615,322 1629,315 1680,314 1708,335 1762,326 1791,339 1821,334 1862,307 1896,323 1905,317 1920,322 1932,311 1969,315 1980,307 2015,327 2026,323 2026,366 1994,373 1971,388 1955,376 1933,380 1898,370 1873,370 1862,381 1806,381 1796,373 1762,381 1749,393 1714,374 1697,385 1662,385 1645,377 1600,407 1580,397 1562,413 1532,412 1521,420 1491,401 1450,412 1405,388 1343,412 1318,436 1298,431 1284,417 1272,429 1255,427 1217,397 1196,394 1186,401 1070,397 1055,408 1036,405 1018,420 1003,412 987,423 952,416 925,442 890,420 865,420 829,443 800,420 763,436 749,426 722,436 710,424 688,428 673,413 636,413 629,420 551,413 518,431 502,420 459,416 434,432 412,428 385,455 364,439 327,436 319,428 299,440 266,440 231,428 201,450"/>
            </Shape>
            <String ID="line_2e9b9ade-3b57-4bda-b293-98999a602638-dummy-Word" HEIGHT="148" WIDTH="1825" HPOS="201" VPOS="307" CONTENT="de overzyde van den Main gelegen en om de groote ruwheid van deszelfs">
              <Shape>
                <Polygon POINTS="201,378 220,394 251,367 288,374 302,363 335,383 364,378 406,389 459,351 497,354 524,375 558,379 584,355 597,363 614,352 643,359 662,343 695,343 719,354 742,343 762,350 803,343 814,351 826,339 856,339 883,355 904,339 943,346 967,339 1042,359 1090,339 1129,365 1157,354 1165,358 1194,335 1240,342 1253,334 1271,351 1295,351 1325,327 1344,323 1391,339 1433,339 1447,327 1469,331 1481,322 1539,338 1581,315 1615,322 1629,315 1680,314 1708,335 1762,326 1791,339 1821,334 1862,307 1896,323 1905,317 1920,322 1932,311 1969,315 1980,307 2015,327 2026,323 2026,366 1994,373 1971,388 1955,376 1933,380 1898,370 1873,370 1862,381 1806,381 1796,373 1762,381 1749,393 1714,374 1697,385 1662,385 1645,377 1600,407 1580,397 1562,413 1532,412 1521,420 1491,401 1450,412 1405,388 1343,412 1318,436 1298,431 1284,417 1272,429 1255,427 1217,397 1196,394 1186,401 1070,397 1055,408 1036,405 1018,420 1003,412 987,423 952,416 925,442 890,420 865,420 829,443 800,420 763,436 749,426 722,436 710,424 688,428 673,413 636,413 629,420 551,413 518,431 502,420 459,416 434,432 412,428 385,455 364,439 327,436 319,428 299,440 266,440 231,428 201,450"/>
              </Shape>
            </String>
          </TextLine>
          <TextLine ID="line_2482f05f-7137-4270-9328-29be4b93e277" HEIGHT="147" WIDTH="1840" HPOS="201" VPOS="369" STYLEREFS="textstyle-None---sans-serif---proportional---None---None---None">
            <Shape>
              <Polygon POINTS="201,444 232,429 264,443 277,436 303,452 322,448 352,460 384,452 412,428 434,433 447,420 480,417 518,432 550,413 617,421 636,413 672,413 687,428 710,425 721,436 750,424 783,428 799,420 830,444 874,420 924,443 959,414 987,424 1004,412 1018,420 1036,405 1070,397 1177,401 1185,393 1217,398 1255,428 1271,431 1285,420 1317,437 1348,409 1352,413 1405,388 1427,397 1458,392 1473,405 1527,417 1564,413 1592,389 1612,396 1645,377 1673,389 1681,381 1697,385 1733,373 1757,381 1794,373 1808,381 1860,381 1872,369 1920,372 1955,405 1992,373 2004,373 2041,398 2041,443 2008,468 1987,468 1967,448 1945,462 1922,441 1875,441 1868,448 1840,445 1824,461 1796,445 1758,472 1732,459 1711,460 1695,472 1639,462 1628,472 1606,464 1593,472 1547,456 1511,476 1467,453 1426,472 1385,457 1375,464 1339,460 1320,471 1285,469 1273,480 1219,472 1192,492 1145,492 1137,500 1113,488 1092,496 1080,489 1066,497 1046,492 1020,508 988,503 966,486 914,488 875,473 853,484 841,476 832,484 810,481 787,496 746,484 721,484 712,491 690,484 647,488 634,478 599,496 576,488 555,495 542,488 528,492 517,481 473,485 466,492 459,485 450,492 390,488 382,496 345,488 315,516 288,516 255,491 247,499 240,492 201,488"/>
            </Shape>
            <String ID="line_2482f05f-7137-4270-9328-29be4b93e277-dummy-Word" HEIGHT="147" WIDTH="1840" HPOS="201" VPOS="369" CONTENT="bewoners verucht is; van deeze brug heeft men naar weerszyden voortrefly=">
              <Shape>
                <Polygon POINTS="201,444 232,429 264,443 277,436 303,452 322,448 352,460 384,452 412,428 434,433 447,420 480,417 518,432 550,413 617,421 636,413 672,413 687,428 710,425 721,436 750,424 783,428 799,420 830,444 874,420 924,443 959,414 987,424 1004,412 1018,420 1036,405 1070,397 1177,401 1185,393 1217,398 1255,428 1271,431 1285,420 1317,437 1348,409 1352,413 1405,388 1427,397 1458,392 1473,405 1527,417 1564,413 1592,389 1612,396 1645,377 1673,389 1681,381 1697,385 1733,373 1757,381 1794,373 1808,381 1860,381 1872,369 1920,372 1955,405 1992,373 2004,373 2041,398 2041,443 2008,468 1987,468 1967,448 1945,462 1922,441 1875,441 1868,448 1840,445 1824,461 1796,445 1758,472 1732,459 1711,460 1695,472 1639,462 1628,472 1606,464 1593,472 1547,456 1511,476 1467,453 1426,472 1385,457 1375,464 1339,460 1320,471 1285,469 1273,480 1219,472 1192,492 1145,492 1137,500 1113,488 1092,496 1080,489 1066,497 1046,492 1020,508 988,503 966,486 914,488 875,473 853,484 841,476 832,484 810,481 787,496 746,484 721,484 712,491 690,484 647,488 634,478 599,496 576,488 555,495 542,488 528,492 517,481 473,485 466,492 459,485 450,492 390,488 382,496 345,488 315,516 288,516 255,491 247,499 240,492 201,488"/>
              </Shape>
            </String>
          </TextLine>
          <TextLine ID="e3da50bc-51d2-44b1-989b-4568dc3d95c8" HEIGHT="146" WIDTH="1786" HPOS="203" VPOS="439" STYLEREFS="textstyle-None---sans-serif---proportional---None---None---None">
            <Shape>
              <Polygon POINTS="203,498 222,502 240,494 256,510 272,507 291,520 312,518 324,506 334,510 360,487 385,495 398,487 467,490 519,483 531,495 595,482 613,494 629,479 651,489 669,482 715,490 770,478 802,487 825,475 838,479 846,471 873,471 890,486 936,486 944,494 965,488 1012,510 1051,492 1066,498 1092,477 1111,484 1135,478 1158,495 1183,475 1220,486 1252,475 1271,482 1284,471 1313,467 1341,478 1384,455 1394,462 1414,451 1442,462 1468,454 1505,475 1530,470 1564,447 1620,447 1654,470 1701,447 1739,462 1771,439 1790,446 1829,439 1863,451 1876,439 1920,439 1943,462 1968,443 1985,457 1989,452 1989,495 1960,518 1927,503 1906,518 1891,519 1864,508 1852,515 1793,503 1747,515 1724,534 1693,511 1678,522 1660,517 1633,531 1612,514 1576,511 1550,524 1539,518 1517,534 1506,523 1496,531 1473,519 1439,519 1415,535 1400,536 1375,526 1320,526 1307,534 1296,523 1282,523 1261,542 1236,527 1192,543 1161,527 1144,534 1116,531 1104,539 1091,531 1065,531 1041,550 1024,550 1009,535 990,535 974,549 944,558 916,542 858,575 816,569 800,559 780,562 747,543 702,553 681,546 666,554 636,547 615,561 590,550 545,574 530,574 504,550 493,558 481,550 414,554 396,566 374,562 357,579 318,557 305,566 283,562 256,585 214,554 203,563"/>
            </Shape>
            <String ID="e3da50bc-51d2-44b1-989b-4568dc3d95c8-dummy-Word" HEIGHT="146" WIDTH="1786" HPOS="203" VPOS="439" CONTENT="tegezichten over de rivier, op wiensoevers eene altoosdurende drukte">
              <Shape>
                <Polygon POINTS="203,498 222,502 240,494 256,510 272,507 291,520 312,518 324,506 334,510 360,487 385,495 398,487 467,490 519,483 531,495 595,482 613,494 629,479 651,489 669,482 715,490 770,478 802,487 825,475 838,479 846,471 873,471 890,486 936,486 944,494 965,488 1012,510 1051,492 1066,498 1092,477 1111,484 1135,478 1158,495 1183,475 1220,486 1252,475 1271,482 1284,471 1313,467 1341,478 1384,455 1394,462 1414,451 1442,462 1468,454 1505,475 1530,470 1564,447 1620,447 1654,470 1701,447 1739,462 1771,439 1790,446 1829,439 1863,451 1876,439 1920,439 1943,462 1968,443 1985,457 1989,452 1989,495 1960,518 1927,503 1906,518 1891,519 1864,508 1852,515 1793,503 1747,515 1724,534 1693,511 1678,522 1660,517 1633,531 1612,514 1576,511 1550,524 1539,518 1517,534 1506,523 1496,531 1473,519 1439,519 1415,535 1400,536 1375,526 1320,526 1307,534 1296,523 1282,523 1261,542 1236,527 1192,543 1161,527 1144,534 1116,531 1104,539 1091,531 1065,531 1041,550 1024,550 1009,535 990,535 974,549 944,558 916,542 858,575 816,569 800,559 780,562 747,543 702,553 681,546 666,554 636,547 615,561 590,550 545,574 530,574 504,550 493,558 481,550 414,554 396,566 374,562 357,579 318,557 305,566 283,562 256,585 214,554 203,563"/>
              </Shape>
            </String>
          </TextLine>
          <TextLine ID="cf00b269-1c3f-48b7-9bb3-f6f9d0415e02" HEIGHT="161" WIDTH="1764" HPOS="223" VPOS="502" STYLEREFS="textstyle-None---sans-serif---proportional---None---None---None">
            <Shape>
              <Polygon POINTS="223,579 245,591 288,561 304,567 322,556 332,566 366,568 383,553 401,564 426,552 443,552 456,562 473,552 503,552 529,575 544,576 598,548 622,555 630,548 669,551 676,544 699,552 719,544 765,548 778,560 799,556 808,564 827,564 844,578 894,562 910,547 939,559 1005,532 1023,544 1053,532 1084,532 1095,541 1119,531 1167,531 1179,543 1196,544 1233,525 1257,544 1273,528 1295,525 1312,532 1329,524 1362,524 1391,536 1399,528 1421,532 1438,517 1474,517 1487,528 1510,524 1527,536 1586,513 1612,513 1627,528 1664,528 1688,513 1708,524 1729,509 1745,516 1778,509 1791,517 1809,505 1838,502 1853,515 1863,509 1908,516 1929,508 1954,520 1977,515 1987,521 1987,566 1979,572 1950,573 1936,584 1913,572 1878,592 1834,572 1788,573 1777,584 1724,573 1708,588 1696,580 1666,604 1638,577 1617,577 1566,608 1545,603 1522,615 1476,588 1413,585 1404,592 1390,585 1343,620 1333,615 1309,630 1255,611 1240,596 1211,607 1196,600 1162,619 1150,619 1130,600 1119,599 1106,599 1076,619 1032,596 996,620 967,603 949,615 929,612 915,623 875,607 857,615 829,607 810,615 796,611 756,641 724,619 698,632 676,631 660,615 617,612 595,626 583,620 559,643 516,663 501,651 480,655 472,647 456,648 447,655 435,643 410,639 397,639 385,651 358,647 320,627 263,654 255,647 230,651 223,644"/>
            </Shape>
            <String ID="cf00b269-1c3f-48b7-9bb3-f6f9d0415e02-dummy-Word" HEIGHT="161" WIDTH="1764" HPOS="223" VPOS="502" CONTENT="berigheid heerscht. Byzonder merkwaardig is het gebouw de Römer">
              <Shape>
                <Polygon POINTS="223,579 245,591 288,561 304,567 322,556 332,566 366,568 383,553 401,564 426,552 443,552 456,562 473,552 503,552 529,575 544,576 598,548 622,555 630,548 669,551 676,544 699,552 719,544 765,548 778,560 799,556 808,564 827,564 844,578 894,562 910,547 939,559 1005,532 1023,544 1053,532 1084,532 1095,541 1119,531 1167,531 1179,543 1196,544 1233,525 1257,544 1273,528 1295,525 1312,532 1329,524 1362,524 1391,536 1399,528 1421,532 1438,517 1474,517 1487,528 1510,524 1527,536 1586,513 1612,513 1627,528 1664,528 1688,513 1708,524 1729,509 1745,516 1778,509 1791,517 1809,505 1838,502 1853,515 1863,509 1908,516 1929,508 1954,520 1977,515 1987,521 1987,566 1979,572 1950,573 1936,584 1913,572 1878,592 1834,572 1788,573 1777,584 1724,573 1708,588 1696,580 1666,604 1638,577 1617,577 1566,608 1545,603 1522,615 1476,588 1413,585 1404,592 1390,585 1343,620 1333,615 1309,630 1255,611 1240,596 1211,607 1196,600 1162,619 1150,619 1130,600 1119,599 1106,599 1076,619 1032,596 996,620 967,603 949,615 929,612 915,623 875,607 857,615 829,607 810,615 796,611 756,641 724,619 698,632 676,631 660,615 617,612 595,626 583,620 559,643 516,663 501,651 480,655 472,647 456,648 447,655 435,643 410,639 397,639 385,651 358,647 320,627 263,654 255,647 230,651 223,644"/>
              </Shape>
            </String>
          </TextLine>
          <TextLine ID="line_2cfc538f-fc05-453a-b93b-ca93c90b2acd" HEIGHT="167" WIDTH="1860" HPOS="199" VPOS="556" STYLEREFS="textstyle-None---sans-serif---proportional---None---None---None">
            <Shape>
              <Polygon POINTS="199,645 210,656 249,648 266,652 299,632 307,636 322,621 347,621 355,628 365,621 384,640 441,644 449,652 473,645 493,660 507,652 526,664 584,617 693,613 702,621 734,623 751,640 767,637 795,612 809,616 829,608 857,616 866,608 883,612 890,605 919,603 949,616 967,603 984,620 995,621 1032,597 1076,620 1105,600 1130,601 1150,620 1162,620 1178,605 1198,601 1211,608 1225,597 1240,597 1255,612 1293,624 1322,624 1330,616 1343,621 1363,608 1395,627 1446,581 1482,588 1524,616 1544,604 1567,608 1610,580 1669,605 1705,573 1745,573 1770,585 1789,573 1808,589 1878,592 1912,573 1968,576 2010,556 2059,585 2057,632 2046,628 2025,641 1971,652 1955,668 1933,657 1918,672 1904,660 1889,668 1872,652 1838,676 1820,676 1805,686 1776,662 1716,661 1698,645 1659,645 1647,656 1625,648 1610,660 1600,652 1579,657 1561,649 1542,661 1525,652 1490,664 1465,684 1434,677 1419,688 1362,673 1331,684 1308,684 1293,673 1278,684 1256,684 1236,668 1161,665 1137,680 1120,669 1086,676 1052,700 1025,684 1007,690 980,677 964,684 954,676 946,684 932,680 922,688 905,684 890,699 873,684 850,685 839,694 800,684 754,700 739,687 724,692 707,681 665,681 642,695 600,684 553,715 545,708 508,710 491,700 465,716 448,701 416,715 397,699 373,703 349,688 325,688 312,700 288,700 262,723 237,703 199,699"/>
            </Shape>
            <String ID="line_2cfc538f-fc05-453a-b93b-ca93c90b2acd-dummy-Word" HEIGHT="167" WIDTH="1860" HPOS="199" VPOS="556" CONTENT="waarte voren de Duitsche keizers gekroond wierden, waar de zoogenaamde">
              <Shape>
                <Polygon POINTS="199,645 210,656 249,648 266,652 299,632 307,636 322,621 347,621 355,628 365,621 384,640 441,644 449,652 473,645 493,660 507,652 526,664 584,617 693,613 702,621 734,623 751,640 767,637 795,612 809,616 829,608 857,616 866,608 883,612 890,605 919,603 949,616 967,603 984,620 995,621 1032,597 1076,620 1105,600 1130,601 1150,620 1162,620 1178,605 1198,601 1211,608 1225,597 1240,597 1255,612 1293,624 1322,624 1330,616 1343,621 1363,608 1395,627 1446,581 1482,588 1524,616 1544,604 1567,608 1610,580 1669,605 1705,573 1745,573 1770,585 1789,573 1808,589 1878,592 1912,573 1968,576 2010,556 2059,585 2057,632 2046,628 2025,641 1971,652 1955,668 1933,657 1918,672 1904,660 1889,668 1872,652 1838,676 1820,676 1805,686 1776,662 1716,661 1698,645 1659,645 1647,656 1625,648 1610,660 1600,652 1579,657 1561,649 1542,661 1525,652 1490,664 1465,684 1434,677 1419,688 1362,673 1331,684 1308,684 1293,673 1278,684 1256,684 1236,668 1161,665 1137,680 1120,669 1086,676 1052,700 1025,684 1007,690 980,677 964,684 954,676 946,684 932,680 922,688 905,684 890,699 873,684 850,685 839,694 800,684 754,700 739,687 724,692 707,681 665,681 642,695 600,684 553,715 545,708 508,710 491,700 465,716 448,701 416,715 397,699 373,703 349,688 325,688 312,700 288,700 262,723 237,703 199,699"/>
              </Shape>
            </String>
          </TextLine>
          <TextLine ID="line_900fb02f-2319-499f-9e48-a36aeddc2eaf" HEIGHT="159" WIDTH="1844" HPOS="196" VPOS="635" STYLEREFS="textstyle-None---sans-serif---proportional---None---None---None">
            <Shape>
              <Polygon POINTS="196,691 205,698 215,688 233,699 242,691 266,691 280,702 306,702 324,687 347,687 437,708 449,701 468,717 492,699 513,714 543,714 565,711 592,690 644,695 667,679 701,691 712,683 756,691 773,679 794,686 814,679 840,696 872,685 890,699 912,679 957,698 970,698 992,683 1007,690 1026,683 1048,703 1106,667 1139,678 1160,663 1192,667 1224,687 1244,675 1271,683 1295,673 1316,683 1332,671 1340,678 1361,671 1375,679 1396,671 1410,679 1434,655 1448,654 1477,675 1489,663 1510,662 1518,654 1531,659 1560,647 1578,655 1600,651 1619,663 1632,651 1668,654 1686,643 1739,666 1755,656 1764,663 1775,656 1809,682 1837,675 1870,651 1891,666 1914,643 1927,650 1935,645 1960,663 1973,650 2003,646 2014,635 2040,656 2040,700 2030,697 2020,706 2007,698 1992,705 1958,702 1950,709 1926,702 1893,725 1834,709 1811,717 1800,709 1774,717 1744,709 1734,717 1671,713 1643,720 1636,713 1597,717 1565,736 1540,723 1520,739 1500,722 1470,736 1448,721 1423,744 1414,736 1368,737 1339,760 1321,744 1299,745 1289,735 1276,743 1265,734 1220,733 1188,756 1155,750 1139,760 1121,760 1100,752 1087,764 1077,756 1019,752 1000,767 971,749 949,748 911,780 892,784 872,769 818,756 768,779 727,764 715,752 680,752 668,764 613,768 581,794 561,791 522,756 497,756 475,771 457,772 397,759 362,764 347,756 328,763 317,756 295,767 281,759 218,767 196,756"/>
            </Shape>
            <String ID="line_900fb02f-2319-499f-9e48-a36aeddc2eaf-dummy-Word" HEIGHT="159" WIDTH="1844" HPOS="196" VPOS="635" CONTENT="Wahl Zimmer, daar de Keus geschiedde, nog gevonden, wordt en waar de">
              <Shape>
                <Polygon POINTS="196,691 205,698 215,688 233,699 242,691 266,691 280,702 306,702 324,687 347,687 437,708 449,701 468,717 492,699 513,714 543,714 565,711 592,690 644,695 667,679 701,691 712,683 756,691 773,679 794,686 814,679 840,696 872,685 890,699 912,679 957,698 970,698 992,683 1007,690 1026,683 1048,703 1106,667 1139,678 1160,663 1192,667 1224,687 1244,675 1271,683 1295,673 1316,683 1332,671 1340,678 1361,671 1375,679 1396,671 1410,679 1434,655 1448,654 1477,675 1489,663 1510,662 1518,654 1531,659 1560,647 1578,655 1600,651 1619,663 1632,651 1668,654 1686,643 1739,666 1755,656 1764,663 1775,656 1809,682 1837,675 1870,651 1891,666 1914,643 1927,650 1935,645 1960,663 1973,650 2003,646 2014,635 2040,656 2040,700 2030,697 2020,706 2007,698 1992,705 1958,702 1950,709 1926,702 1893,725 1834,709 1811,717 1800,709 1774,717 1744,709 1734,717 1671,713 1643,720 1636,713 1597,717 1565,736 1540,723 1520,739 1500,722 1470,736 1448,721 1423,744 1414,736 1368,737 1339,760 1321,744 1299,745 1289,735 1276,743 1265,734 1220,733 1188,756 1155,750 1139,760 1121,760 1100,752 1087,764 1077,756 1019,752 1000,767 971,749 949,748 911,780 892,784 872,769 818,756 768,779 727,764 715,752 680,752 668,764 613,768 581,794 561,791 522,756 497,756 475,771 457,772 397,759 362,764 347,756 328,763 317,756 295,767 281,759 218,767 196,756"/>
              </Shape>
            </String>
          </TextLine>
          <TextLine ID="line_91f6b435-0994-46ca-8473-a06ae0fe14aa" HEIGHT="166" WIDTH="1858" HPOS="195" VPOS="699" STYLEREFS="textstyle-None---sans-serif---proportional---None---None---None">
            <Shape>
              <Polygon POINTS="195,805 253,766 276,761 295,773 316,758 363,758 383,769 404,765 445,789 494,758 519,754 571,793 607,789 621,797 654,793 704,757 736,762 760,777 789,768 796,773 823,758 860,774 873,769 901,789 949,749 985,757 1060,747 1079,761 1105,750 1122,761 1154,750 1189,757 1216,735 1240,738 1247,732 1271,749 1283,738 1299,746 1318,742 1340,760 1356,746 1370,753 1394,734 1405,738 1418,727 1432,735 1444,726 1462,740 1500,723 1519,738 1536,726 1569,734 1601,715 1672,718 1687,726 1712,715 1733,718 1743,711 1774,718 1795,710 1811,726 1824,726 1837,714 1895,724 1919,703 1936,700 1948,710 1955,703 1986,707 2006,699 2053,731 2053,775 2033,790 1996,790 1983,779 1952,790 1927,779 1904,790 1873,783 1859,797 1843,794 1824,807 1816,802 1802,814 1788,806 1756,815 1716,796 1665,802 1652,793 1632,798 1625,791 1587,791 1564,806 1551,797 1504,795 1484,798 1464,817 1419,806 1404,821 1380,826 1346,813 1297,829 1287,821 1272,829 1252,822 1230,837 1215,838 1171,813 1154,813 1121,822 1097,841 1081,838 1070,849 1031,829 984,857 966,857 941,837 928,843 874,825 863,830 854,822 809,830 800,838 783,822 758,822 750,830 734,822 671,822 653,835 644,826 619,849 602,854 587,847 561,853 544,837 535,845 517,836 492,842 479,829 462,826 431,841 411,830 387,830 354,853 323,834 294,837 285,830 260,838 225,865 195,843"/>
            </Shape>
            <String ID="line_91f6b435-0994-46ca-8473-a06ae0fe14aa-dummy-Word" HEIGHT="166" WIDTH="1858" HPOS="195" VPOS="699" CONTENT="Gouden Bul bewaard wordt: tegenswoordig en het als Stadshuis gebruikt">
              <Shape>
                <Polygon POINTS="195,805 253,766 276,761 295,773 316,758 363,758 383,769 404,765 445,789 494,758 519,754 571,793 607,789 621,797 654,793 704,757 736,762 760,777 789,768 796,773 823,758 860,774 873,769 901,789 949,749 985,757 1060,747 1079,761 1105,750 1122,761 1154,750 1189,757 1216,735 1240,738 1247,732 1271,749 1283,738 1299,746 1318,742 1340,760 1356,746 1370,753 1394,734 1405,738 1418,727 1432,735 1444,726 1462,740 1500,723 1519,738 1536,726 1569,734 1601,715 1672,718 1687,726 1712,715 1733,718 1743,711 1774,718 1795,710 1811,726 1824,726 1837,714 1895,724 1919,703 1936,700 1948,710 1955,703 1986,707 2006,699 2053,731 2053,775 2033,790 1996,790 1983,779 1952,790 1927,779 1904,790 1873,783 1859,797 1843,794 1824,807 1816,802 1802,814 1788,806 1756,815 1716,796 1665,802 1652,793 1632,798 1625,791 1587,791 1564,806 1551,797 1504,795 1484,798 1464,817 1419,806 1404,821 1380,826 1346,813 1297,829 1287,821 1272,829 1252,822 1230,837 1215,838 1171,813 1154,813 1121,822 1097,841 1081,838 1070,849 1031,829 984,857 966,857 941,837 928,843 874,825 863,830 854,822 809,830 800,838 783,822 758,822 750,830 734,822 671,822 653,835 644,826 619,849 602,854 587,847 561,853 544,837 535,845 517,836 492,842 479,829 462,826 431,841 411,830 387,830 354,853 323,834 294,837 285,830 260,838 225,865 195,843"/>
              </Shape>
            </String>
          </TextLine>
          <TextLine ID="line_4f6075df-f6c3-4c29-895d-0cf316e13330" HEIGHT="170" WIDTH="1815" HPOS="197" VPOS="776" STYLEREFS="textstyle-None---sans-serif---proportional---None---None---None">
            <Shape>
              <Polygon POINTS="197,835 229,831 261,839 286,831 311,843 319,835 332,842 359,827 376,827 427,862 443,862 451,854 497,854 537,838 571,858 585,848 602,855 647,845 669,823 736,823 749,830 772,823 799,838 818,823 828,830 840,823 878,827 899,819 928,839 945,838 967,858 975,851 1007,858 1063,823 1082,819 1093,830 1115,827 1135,811 1164,811 1210,839 1235,819 1267,830 1282,819 1291,827 1316,822 1326,831 1362,820 1376,830 1416,807 1428,811 1439,800 1457,803 1467,796 1507,803 1516,796 1560,799 1585,792 1624,792 1635,799 1650,791 1675,803 1709,792 1720,803 1762,815 1842,803 1871,784 1891,783 1919,796 1937,783 1951,791 1980,776 2012,804 2012,849 1989,848 1958,869 1948,859 1931,863 1920,852 1903,852 1886,863 1875,859 1854,870 1834,860 1825,868 1788,860 1742,867 1726,860 1713,871 1699,871 1685,860 1619,875 1607,871 1574,902 1550,883 1531,880 1507,887 1475,914 1454,910 1440,918 1412,907 1395,918 1375,909 1345,915 1317,894 1290,887 1276,894 1259,890 1218,922 1195,918 1140,890 1099,903 1056,933 1040,926 1024,934 999,914 959,933 927,903 898,902 853,919 838,934 818,934 806,946 777,918 739,918 722,902 707,899 690,910 657,902 638,918 607,915 576,929 537,902 480,899 455,902 438,917 419,911 402,925 397,920 370,929 324,903 298,910 277,903 257,918 234,910 197,941"/>
            </Shape>
            <String ID="line_4f6075df-f6c3-4c29-895d-0cf316e13330-dummy-Word" HEIGHT="170" WIDTH="1815" HPOS="197" VPOS="776" CONTENT="en beneden, waar alles vol pakgoederen lag, worden gedurende de mis">
              <Shape>
                <Polygon POINTS="197,835 229,831 261,839 286,831 311,843 319,835 332,842 359,827 376,827 427,862 443,862 451,854 497,854 537,838 571,858 585,848 602,855 647,845 669,823 736,823 749,830 772,823 799,838 818,823 828,830 840,823 878,827 899,819 928,839 945,838 967,858 975,851 1007,858 1063,823 1082,819 1093,830 1115,827 1135,811 1164,811 1210,839 1235,819 1267,830 1282,819 1291,827 1316,822 1326,831 1362,820 1376,830 1416,807 1428,811 1439,800 1457,803 1467,796 1507,803 1516,796 1560,799 1585,792 1624,792 1635,799 1650,791 1675,803 1709,792 1720,803 1762,815 1842,803 1871,784 1891,783 1919,796 1937,783 1951,791 1980,776 2012,804 2012,849 1989,848 1958,869 1948,859 1931,863 1920,852 1903,852 1886,863 1875,859 1854,870 1834,860 1825,868 1788,860 1742,867 1726,860 1713,871 1699,871 1685,860 1619,875 1607,871 1574,902 1550,883 1531,880 1507,887 1475,914 1454,910 1440,918 1412,907 1395,918 1375,909 1345,915 1317,894 1290,887 1276,894 1259,890 1218,922 1195,918 1140,890 1099,903 1056,933 1040,926 1024,934 999,914 959,933 927,903 898,902 853,919 838,934 818,934 806,946 777,918 739,918 722,902 707,899 690,910 657,902 638,918 607,915 576,929 537,902 480,899 455,902 438,917 419,911 402,925 397,920 370,929 324,903 298,910 277,903 257,918 234,910 197,941"/>
              </Shape>
            </String>
          </TextLine>
          <TextLine ID="fd70a5b9-ff68-468f-95f7-f435d36aab3c" HEIGHT="162" WIDTH="1818" HPOS="191" VPOS="852" STYLEREFS="textstyle-None---sans-serif---proportional---None---None---None">
            <Shape>
              <Polygon POINTS="191,940 236,910 258,919 270,911 285,921 311,922 328,906 361,927 372,930 399,919 422,934 436,923 446,926 461,911 479,911 490,922 516,915 533,922 553,910 580,928 597,915 627,921 652,911 680,915 701,899 722,902 741,918 777,917 806,946 820,935 838,934 857,915 867,918 899,902 937,912 961,934 982,922 1000,931 1008,924 1020,934 1033,935 1043,926 1058,934 1116,895 1143,889 1219,923 1244,906 1256,914 1280,906 1347,915 1368,898 1392,918 1412,906 1441,918 1449,910 1475,914 1508,887 1531,881 1537,887 1550,883 1575,903 1610,871 1625,883 1635,880 1660,891 1682,871 1713,871 1726,860 1754,868 1798,860 1812,869 1833,860 1856,871 1872,856 1887,864 1903,852 1957,867 1985,863 2009,880 2009,925 1986,943 1949,924 1896,943 1884,940 1858,963 1840,947 1815,954 1787,935 1739,935 1704,955 1687,943 1668,947 1656,936 1632,936 1586,954 1548,955 1540,963 1516,947 1482,979 1447,966 1413,991 1368,966 1324,954 1304,966 1293,955 1238,956 1223,966 1193,955 1151,955 1119,975 1082,967 1056,993 1048,988 1036,998 1006,982 981,975 972,982 964,974 920,1002 908,998 896,1006 869,995 852,998 805,967 769,995 748,998 727,1014 685,998 659,974 596,1010 574,994 553,990 527,1013 479,979 448,986 419,1006 400,998 388,1002 367,982 345,979 290,987 267,975 259,983 237,983 215,1005 191,989"/>
            </Shape>
            <String ID="fd70a5b9-ff68-468f-95f7-f435d36aab3c-dummy-Word" HEIGHT="162" WIDTH="1818" HPOS="191" VPOS="852" CONTENT="veele kramen opgeslagen: de fraaij en zwaar vergulde zaal, thans tot">
              <Shape>
                <Polygon POINTS="191,940 236,910 258,919 270,911 285,921 311,922 328,906 361,927 372,930 399,919 422,934 436,923 446,926 461,911 479,911 490,922 516,915 533,922 553,910 580,928 597,915 627,921 652,911 680,915 701,899 722,902 741,918 777,917 806,946 820,935 838,934 857,915 867,918 899,902 937,912 961,934 982,922 1000,931 1008,924 1020,934 1033,935 1043,926 1058,934 1116,895 1143,889 1219,923 1244,906 1256,914 1280,906 1347,915 1368,898 1392,918 1412,906 1441,918 1449,910 1475,914 1508,887 1531,881 1537,887 1550,883 1575,903 1610,871 1625,883 1635,880 1660,891 1682,871 1713,871 1726,860 1754,868 1798,860 1812,869 1833,860 1856,871 1872,856 1887,864 1903,852 1957,867 1985,863 2009,880 2009,925 1986,943 1949,924 1896,943 1884,940 1858,963 1840,947 1815,954 1787,935 1739,935 1704,955 1687,943 1668,947 1656,936 1632,936 1586,954 1548,955 1540,963 1516,947 1482,979 1447,966 1413,991 1368,966 1324,954 1304,966 1293,955 1238,956 1223,966 1193,955 1151,955 1119,975 1082,967 1056,993 1048,988 1036,998 1006,982 981,975 972,982 964,974 920,1002 908,998 896,1006 869,995 852,998 805,967 769,995 748,998 727,1014 685,998 659,974 596,1010 574,994 553,990 527,1013 479,979 448,986 419,1006 400,998 388,1002 367,982 345,979 290,987 267,975 259,983 237,983 215,1005 191,989"/>
              </Shape>
            </String>
          </TextLine>
          <TextLine ID="line_1fde3b06-d743-4ca9-92af-d2c61d41aa50" HEIGHT="167" WIDTH="1796" HPOS="189" VPOS="926" STYLEREFS="textstyle-None---sans-serif---proportional---None---None---None">
            <Shape>
              <Polygon POINTS="189,979 200,988 219,974 248,974 263,988 293,991 302,982 311,990 328,981 361,981 386,1001 398,997 422,1006 447,986 479,977 526,1013 554,989 594,1009 612,1005 657,974 711,1013 729,1013 750,997 772,1002 817,978 852,997 891,998 899,1005 912,1005 962,974 974,981 990,971 1019,997 1048,986 1056,993 1084,966 1103,977 1128,976 1169,954 1198,961 1240,954 1265,962 1317,950 1339,961 1347,957 1367,973 1381,973 1411,990 1448,965 1468,981 1485,977 1516,946 1549,938 1607,942 1656,934 1673,949 1685,942 1706,960 1744,933 1786,933 1804,942 1816,932 1850,937 1861,926 1908,926 1922,934 1948,926 1985,954 1985,998 1940,1036 1918,1022 1887,1037 1838,1037 1829,1029 1816,1037 1772,1005 1732,1022 1693,1021 1676,1010 1657,1010 1632,1025 1599,1013 1560,1014 1541,1033 1500,1053 1484,1052 1440,1018 1401,1026 1365,1053 1321,1052 1277,1022 1257,1022 1246,1029 1200,1026 1187,1037 1158,1029 1142,1041 1129,1033 1112,1039 1078,1030 1053,1053 1030,1060 995,1045 977,1049 958,1041 931,1061 910,1053 875,1065 832,1049 815,1061 788,1049 761,1061 721,1042 629,1076 617,1068 594,1072 575,1053 534,1075 510,1060 502,1064 478,1053 466,1041 453,1053 441,1056 434,1049 397,1069 345,1045 316,1064 291,1061 273,1077 251,1081 231,1068 203,1093 189,1085"/>
            </Shape>
            <String ID="line_1fde3b06-d743-4ca9-92af-d2c61d41aa50-dummy-Word" HEIGHT="167" WIDTH="1796" HPOS="189" VPOS="926" CONTENT="vergaderplaats dienende voor de Raad der vrye Stad Francfort,">
              <Shape>
                <Polygon POINTS="189,979 200,988 219,974 248,974 263,988 293,991 302,982 311,990 328,981 361,981 386,1001 398,997 422,1006 447,986 479,977 526,1013 554,989 594,1009 612,1005 657,974 711,1013 729,1013 750,997 772,1002 817,978 852,997 891,998 899,1005 912,1005 962,974 974,981 990,971 1019,997 1048,986 1056,993 1084,966 1103,977 1128,976 1169,954 1198,961 1240,954 1265,962 1317,950 1339,961 1347,957 1367,973 1381,973 1411,990 1448,965 1468,981 1485,977 1516,946 1549,938 1607,942 1656,934 1673,949 1685,942 1706,960 1744,933 1786,933 1804,942 1816,932 1850,937 1861,926 1908,926 1922,934 1948,926 1985,954 1985,998 1940,1036 1918,1022 1887,1037 1838,1037 1829,1029 1816,1037 1772,1005 1732,1022 1693,1021 1676,1010 1657,1010 1632,1025 1599,1013 1560,1014 1541,1033 1500,1053 1484,1052 1440,1018 1401,1026 1365,1053 1321,1052 1277,1022 1257,1022 1246,1029 1200,1026 1187,1037 1158,1029 1142,1041 1129,1033 1112,1039 1078,1030 1053,1053 1030,1060 995,1045 977,1049 958,1041 931,1061 910,1053 875,1065 832,1049 815,1061 788,1049 761,1061 721,1042 629,1076 617,1068 594,1072 575,1053 534,1075 510,1060 502,1064 478,1053 466,1041 453,1053 441,1056 434,1049 397,1069 345,1045 316,1064 291,1061 273,1077 251,1081 231,1068 203,1093 189,1085"/>
              </Shape>
            </String>
          </TextLine>
          <TextLine ID="line_7ba03e1c-6926-4c1d-9bbf-82e9c3d7f42d" HEIGHT="136" WIDTH="1792" HPOS="195" VPOS="1009" STYLEREFS="textstyle-None---sans-serif---proportional---None---None---None">
            <Shape>
              <Polygon POINTS="195,1032 233,1068 260,1077 287,1061 301,1068 324,1053 339,1064 369,1052 397,1069 416,1065 436,1048 456,1053 474,1041 504,1063 523,1065 543,1061 560,1045 571,1051 579,1044 591,1053 609,1044 634,1057 648,1049 663,1052 674,1041 691,1048 699,1041 735,1041 756,1060 784,1037 812,1037 834,1052 880,1065 910,1052 933,1060 955,1041 978,1051 1015,1037 1051,1036 1058,1043 1072,1029 1103,1040 1124,1029 1144,1040 1161,1028 1186,1037 1198,1025 1248,1028 1287,1021 1306,1035 1327,1037 1352,1031 1369,1017 1382,1029 1394,1020 1411,1025 1419,1017 1440,1017 1495,1053 1548,1021 1585,1033 1618,1020 1630,1025 1659,1009 1697,1021 1730,1021 1749,1012 1779,1037 1792,1029 1825,1045 1842,1033 1862,1037 1880,1021 1901,1035 1917,1020 1942,1034 1978,1021 1987,1028 1987,1072 1979,1068 1956,1079 1924,1106 1892,1090 1838,1103 1815,1085 1802,1089 1788,1079 1759,1099 1706,1087 1691,1102 1679,1099 1651,1114 1617,1083 1587,1087 1561,1110 1519,1095 1493,1114 1460,1091 1431,1091 1404,1102 1383,1091 1340,1114 1315,1102 1292,1103 1278,1117 1262,1115 1242,1130 1200,1110 1169,1119 1135,1110 1095,1111 1054,1137 1031,1126 1003,1129 990,1118 959,1117 932,1130 918,1121 872,1133 853,1114 830,1134 818,1134 792,1125 778,1111 760,1111 740,1126 715,1125 695,1112 641,1145 624,1141 607,1125 584,1134 544,1118 520,1123 500,1117 481,1126 460,1114 448,1122 431,1118 414,1133 400,1134 357,1111 332,1114 291,1138 260,1117 213,1126 195,1137"/>
            </Shape>
            <String ID="line_7ba03e1c-6926-4c1d-9bbf-82e9c3d7f42d-dummy-Word" HEIGHT="136" WIDTH="1792" HPOS="195" VPOS="1009" CONTENT="is verciend met een levensgroot afbeeldsel van Ioseph # dat my als">
              <Shape>
                <Polygon POINTS="195,1032 233,1068 260,1077 287,1061 301,1068 324,1053 339,1064 369,1052 397,1069 416,1065 436,1048 456,1053 474,1041 504,1063 523,1065 543,1061 560,1045 571,1051 579,1044 591,1053 609,1044 634,1057 648,1049 663,1052 674,1041 691,1048 699,1041 735,1041 756,1060 784,1037 812,1037 834,1052 880,1065 910,1052 933,1060 955,1041 978,1051 1015,1037 1051,1036 1058,1043 1072,1029 1103,1040 1124,1029 1144,1040 1161,1028 1186,1037 1198,1025 1248,1028 1287,1021 1306,1035 1327,1037 1352,1031 1369,1017 1382,1029 1394,1020 1411,1025 1419,1017 1440,1017 1495,1053 1548,1021 1585,1033 1618,1020 1630,1025 1659,1009 1697,1021 1730,1021 1749,1012 1779,1037 1792,1029 1825,1045 1842,1033 1862,1037 1880,1021 1901,1035 1917,1020 1942,1034 1978,1021 1987,1028 1987,1072 1979,1068 1956,1079 1924,1106 1892,1090 1838,1103 1815,1085 1802,1089 1788,1079 1759,1099 1706,1087 1691,1102 1679,1099 1651,1114 1617,1083 1587,1087 1561,1110 1519,1095 1493,1114 1460,1091 1431,1091 1404,1102 1383,1091 1340,1114 1315,1102 1292,1103 1278,1117 1262,1115 1242,1130 1200,1110 1169,1119 1135,1110 1095,1111 1054,1137 1031,1126 1003,1129 990,1118 959,1117 932,1130 918,1121 872,1133 853,1114 830,1134 818,1134 792,1125 778,1111 760,1111 740,1126 715,1125 695,1112 641,1145 624,1141 607,1125 584,1134 544,1118 520,1123 500,1117 481,1126 460,1114 448,1122 431,1118 414,1133 400,1134 357,1111 332,1114 291,1138 260,1117 213,1126 195,1137"/>
              </Shape>
            </String>
          </TextLine>
          <TextLine ID="line_5b9a40c1-58eb-45cf-a7b2-2e5814d82fb8" HEIGHT="139" WIDTH="1800" HPOS="190" VPOS="1082" STYLEREFS="textstyle-None---sans-serif---proportional---None---None---None">
            <Shape>
              <Polygon POINTS="190,1101 234,1124 261,1117 292,1140 324,1124 341,1128 370,1116 383,1125 407,1114 422,1127 434,1116 448,1123 467,1116 481,1125 499,1116 533,1116 551,1124 562,1116 594,1117 627,1133 638,1125 670,1127 685,1116 737,1128 763,1109 776,1109 798,1125 830,1109 845,1117 858,1113 871,1125 887,1112 911,1120 934,1117 941,1124 954,1113 961,1120 990,1118 1001,1128 1016,1126 1025,1135 1033,1130 1074,1137 1101,1132 1122,1116 1174,1121 1197,1113 1210,1120 1238,1109 1253,1120 1265,1109 1282,1116 1302,1098 1323,1093 1340,1101 1349,1093 1409,1101 1469,1090 1492,1113 1518,1093 1528,1101 1556,1086 1628,1086 1649,1095 1664,1082 1732,1085 1742,1093 1777,1085 1800,1092 1806,1086 1824,1104 1857,1097 1869,1108 1877,1101 1895,1108 1910,1100 1924,1105 1937,1093 1978,1108 1990,1095 1990,1139 1941,1153 1928,1165 1906,1157 1890,1165 1848,1149 1790,1149 1723,1177 1708,1164 1685,1167 1656,1150 1602,1165 1581,1156 1561,1165 1553,1157 1511,1157 1483,1180 1433,1181 1416,1196 1394,1197 1366,1177 1351,1190 1318,1188 1293,1165 1253,1177 1232,1197 1200,1192 1183,1176 1173,1180 1160,1170 1141,1176 1132,1169 1088,1200 1074,1191 1036,1188 1022,1202 995,1208 961,1181 922,1191 863,1181 840,1192 807,1188 784,1200 746,1189 726,1193 712,1184 685,1196 669,1189 609,1189 594,1204 561,1181 527,1195 483,1178 443,1189 416,1181 400,1192 386,1181 350,1181 331,1193 320,1189 282,1216 255,1197 217,1208 204,1221 190,1219"/>
            </Shape>
            <String ID="line_5b9a40c1-58eb-45cf-a7b2-2e5814d82fb8-dummy-Word" HEIGHT="139" WIDTH="1800" HPOS="190" VPOS="1082" CONTENT="goed geschildert voorkwam: met geene mogelykheid konden wy die ve=">
              <Shape>
                <Polygon POINTS="190,1101 234,1124 261,1117 292,1140 324,1124 341,1128 370,1116 383,1125 407,1114 422,1127 434,1116 448,1123 467,1116 481,1125 499,1116 533,1116 551,1124 562,1116 594,1117 627,1133 638,1125 670,1127 685,1116 737,1128 763,1109 776,1109 798,1125 830,1109 845,1117 858,1113 871,1125 887,1112 911,1120 934,1117 941,1124 954,1113 961,1120 990,1118 1001,1128 1016,1126 1025,1135 1033,1130 1074,1137 1101,1132 1122,1116 1174,1121 1197,1113 1210,1120 1238,1109 1253,1120 1265,1109 1282,1116 1302,1098 1323,1093 1340,1101 1349,1093 1409,1101 1469,1090 1492,1113 1518,1093 1528,1101 1556,1086 1628,1086 1649,1095 1664,1082 1732,1085 1742,1093 1777,1085 1800,1092 1806,1086 1824,1104 1857,1097 1869,1108 1877,1101 1895,1108 1910,1100 1924,1105 1937,1093 1978,1108 1990,1095 1990,1139 1941,1153 1928,1165 1906,1157 1890,1165 1848,1149 1790,1149 1723,1177 1708,1164 1685,1167 1656,1150 1602,1165 1581,1156 1561,1165 1553,1157 1511,1157 1483,1180 1433,1181 1416,1196 1394,1197 1366,1177 1351,1190 1318,1188 1293,1165 1253,1177 1232,1197 1200,1192 1183,1176 1173,1180 1160,1170 1141,1176 1132,1169 1088,1200 1074,1191 1036,1188 1022,1202 995,1208 961,1181 922,1191 863,1181 840,1192 807,1188 784,1200 746,1189 726,1193 712,1184 685,1196 669,1189 609,1189 594,1204 561,1181 527,1195 483,1178 443,1189 416,1181 400,1192 386,1181 350,1181 331,1193 320,1189 282,1216 255,1197 217,1208 204,1221 190,1219"/>
              </Shape>
            </String>
          </TextLine>
          <TextLine ID="line_6d1b8829-e733-4adf-a264-68d4406a111d" HEIGHT="127" WIDTH="1843" HPOS="187" VPOS="1148" STYLEREFS="textstyle-None---sans-serif---proportional---None---None---None">
            <Shape>
              <Polygon POINTS="187,1224 202,1222 227,1203 259,1203 277,1217 288,1215 320,1191 329,1195 350,1180 384,1183 392,1191 426,1183 451,1195 468,1187 487,1195 511,1184 526,1192 571,1184 594,1203 617,1188 680,1185 694,1191 711,1184 743,1195 758,1187 776,1196 784,1188 797,1196 810,1188 825,1199 857,1184 921,1191 943,1179 993,1207 1060,1183 1087,1199 1142,1168 1229,1200 1261,1168 1288,1187 1349,1191 1365,1177 1384,1183 1396,1172 1459,1183 1481,1179 1511,1156 1550,1156 1565,1163 1580,1155 1603,1164 1617,1152 1655,1159 1677,1148 1702,1148 1744,1172 1756,1163 1764,1167 1789,1148 1849,1148 1890,1164 1906,1156 1925,1168 1952,1148 1973,1148 2011,1176 2021,1168 2030,1173 2030,1217 2020,1224 2000,1231 1984,1216 1969,1228 1932,1220 1881,1249 1857,1235 1816,1239 1788,1222 1741,1239 1698,1239 1690,1247 1670,1239 1661,1248 1636,1227 1623,1239 1611,1235 1585,1251 1570,1251 1549,1235 1526,1247 1498,1236 1473,1247 1452,1232 1429,1232 1386,1255 1371,1251 1354,1267 1333,1251 1301,1251 1274,1240 1257,1254 1208,1239 1187,1240 1172,1255 1119,1255 1085,1240 1053,1259 1041,1254 1012,1263 985,1263 949,1244 905,1271 881,1251 869,1254 851,1244 829,1259 809,1247 789,1259 774,1245 752,1244 693,1275 657,1251 639,1257 568,1249 520,1261 510,1255 497,1266 448,1251 423,1267 414,1258 400,1262 375,1248 356,1257 346,1251 326,1267 302,1248 270,1247 252,1255 244,1247 187,1247"/>
            </Shape>
            <String ID="line_6d1b8829-e733-4adf-a264-68d4406a111d-dummy-Word" HEIGHT="127" WIDTH="1843" HPOS="187" VPOS="1148" CONTENT="maarde gouden Bal dien waarna Karel 10 in 1356 het bestuur van">
              <Shape>
                <Polygon POINTS="187,1224 202,1222 227,1203 259,1203 277,1217 288,1215 320,1191 329,1195 350,1180 384,1183 392,1191 426,1183 451,1195 468,1187 487,1195 511,1184 526,1192 571,1184 594,1203 617,1188 680,1185 694,1191 711,1184 743,1195 758,1187 776,1196 784,1188 797,1196 810,1188 825,1199 857,1184 921,1191 943,1179 993,1207 1060,1183 1087,1199 1142,1168 1229,1200 1261,1168 1288,1187 1349,1191 1365,1177 1384,1183 1396,1172 1459,1183 1481,1179 1511,1156 1550,1156 1565,1163 1580,1155 1603,1164 1617,1152 1655,1159 1677,1148 1702,1148 1744,1172 1756,1163 1764,1167 1789,1148 1849,1148 1890,1164 1906,1156 1925,1168 1952,1148 1973,1148 2011,1176 2021,1168 2030,1173 2030,1217 2020,1224 2000,1231 1984,1216 1969,1228 1932,1220 1881,1249 1857,1235 1816,1239 1788,1222 1741,1239 1698,1239 1690,1247 1670,1239 1661,1248 1636,1227 1623,1239 1611,1235 1585,1251 1570,1251 1549,1235 1526,1247 1498,1236 1473,1247 1452,1232 1429,1232 1386,1255 1371,1251 1354,1267 1333,1251 1301,1251 1274,1240 1257,1254 1208,1239 1187,1240 1172,1255 1119,1255 1085,1240 1053,1259 1041,1254 1012,1263 985,1263 949,1244 905,1271 881,1251 869,1254 851,1244 829,1259 809,1247 789,1259 774,1245 752,1244 693,1275 657,1251 639,1257 568,1249 520,1261 510,1255 497,1266 448,1251 423,1267 414,1258 400,1262 375,1248 356,1257 346,1251 326,1267 302,1248 270,1247 252,1255 244,1247 187,1247"/>
              </Shape>
            </String>
          </TextLine>
          <TextLine ID="c62d888b-d1f1-4ca6-a8cb-045b72a13feb" HEIGHT="143" WIDTH="1794" HPOS="188" VPOS="1217" STYLEREFS="textstyle-None---sans-serif---proportional---None---None---None">
            <Shape>
              <Polygon POINTS="188,1251 202,1244 240,1245 264,1260 297,1252 326,1268 347,1252 368,1257 378,1248 426,1268 461,1252 473,1264 498,1268 520,1253 536,1260 566,1249 579,1256 595,1249 616,1256 627,1249 636,1256 657,1252 678,1268 710,1268 733,1261 751,1245 774,1245 794,1256 809,1245 829,1260 850,1245 905,1272 950,1246 974,1260 1005,1265 1042,1252 1053,1258 1086,1241 1120,1256 1159,1256 1171,1255 1189,1237 1205,1237 1249,1254 1300,1236 1354,1268 1375,1248 1385,1256 1431,1229 1453,1229 1472,1245 1489,1245 1497,1237 1513,1245 1529,1229 1544,1228 1579,1253 1612,1236 1665,1245 1714,1221 1773,1228 1785,1221 1829,1225 1855,1217 1880,1237 1900,1240 1939,1217 1961,1236 1982,1238 1982,1282 1972,1281 1952,1300 1941,1306 1912,1298 1881,1311 1860,1308 1836,1330 1814,1332 1780,1320 1757,1328 1729,1304 1715,1308 1700,1299 1685,1305 1662,1300 1642,1316 1629,1312 1610,1320 1581,1308 1563,1308 1553,1318 1537,1305 1499,1308 1490,1300 1457,1320 1443,1308 1426,1316 1389,1307 1357,1316 1337,1301 1292,1318 1265,1305 1234,1327 1194,1308 1165,1312 1153,1324 1123,1309 1106,1316 1092,1309 1085,1316 1071,1312 1055,1324 1033,1320 1018,1332 1008,1324 989,1332 970,1324 956,1332 946,1324 929,1335 893,1313 850,1313 838,1324 820,1313 799,1332 777,1314 734,1332 668,1320 643,1340 615,1331 594,1344 560,1332 518,1360 473,1325 458,1340 445,1331 414,1340 406,1332 397,1338 378,1332 362,1317 333,1324 322,1335 308,1324 295,1328 274,1320 219,1320 212,1327 198,1313 188,1314"/>
            </Shape>
            <String ID="c62d888b-d1f1-4ca6-a8cb-045b72a13feb-dummy-Word" HEIGHT="143" WIDTH="1794" HPOS="188" VPOS="1217" CONTENT="het duitsche lyk inzichte: volgens bovenvermelde brieven bl169 is">
              <Shape>
                <Polygon POINTS="188,1251 202,1244 240,1245 264,1260 297,1252 326,1268 347,1252 368,1257 378,1248 426,1268 461,1252 473,1264 498,1268 520,1253 536,1260 566,1249 579,1256 595,1249 616,1256 627,1249 636,1256 657,1252 678,1268 710,1268 733,1261 751,1245 774,1245 794,1256 809,1245 829,1260 850,1245 905,1272 950,1246 974,1260 1005,1265 1042,1252 1053,1258 1086,1241 1120,1256 1159,1256 1171,1255 1189,1237 1205,1237 1249,1254 1300,1236 1354,1268 1375,1248 1385,1256 1431,1229 1453,1229 1472,1245 1489,1245 1497,1237 1513,1245 1529,1229 1544,1228 1579,1253 1612,1236 1665,1245 1714,1221 1773,1228 1785,1221 1829,1225 1855,1217 1880,1237 1900,1240 1939,1217 1961,1236 1982,1238 1982,1282 1972,1281 1952,1300 1941,1306 1912,1298 1881,1311 1860,1308 1836,1330 1814,1332 1780,1320 1757,1328 1729,1304 1715,1308 1700,1299 1685,1305 1662,1300 1642,1316 1629,1312 1610,1320 1581,1308 1563,1308 1553,1318 1537,1305 1499,1308 1490,1300 1457,1320 1443,1308 1426,1316 1389,1307 1357,1316 1337,1301 1292,1318 1265,1305 1234,1327 1194,1308 1165,1312 1153,1324 1123,1309 1106,1316 1092,1309 1085,1316 1071,1312 1055,1324 1033,1320 1018,1332 1008,1324 989,1332 970,1324 956,1332 946,1324 929,1335 893,1313 850,1313 838,1324 820,1313 799,1332 777,1314 734,1332 668,1320 643,1340 615,1331 594,1344 560,1332 518,1360 473,1325 458,1340 445,1331 414,1340 406,1332 397,1338 378,1332 362,1317 333,1324 322,1335 308,1324 295,1328 274,1320 219,1320 212,1327 198,1313 188,1314"/>
              </Shape>
            </String>
          </TextLine>
          <TextLine ID="line_3326754f-49a9-48e0-89ed-18b63189e8af" HEIGHT="157" WIDTH="1834" HPOS="184" VPOS="1281" STYLEREFS="textstyle-None---sans-serif---proportional---None---None---None">
            <Shape>
              <Polygon POINTS="184,1326 198,1318 213,1327 289,1322 297,1330 344,1318 379,1334 421,1329 461,1336 473,1329 521,1358 558,1334 573,1338 597,1328 610,1335 631,1322 649,1331 668,1322 699,1323 738,1334 752,1322 779,1318 797,1334 817,1318 838,1326 849,1315 871,1322 882,1311 954,1342 967,1330 1018,1331 1037,1322 1071,1326 1093,1307 1132,1307 1149,1322 1190,1306 1220,1330 1273,1308 1294,1322 1313,1304 1335,1317 1349,1310 1357,1318 1368,1307 1375,1314 1386,1307 1424,1317 1439,1307 1464,1322 1495,1302 1527,1327 1568,1334 1594,1310 1613,1310 1621,1318 1630,1311 1639,1318 1664,1299 1682,1302 1695,1291 1717,1309 1745,1299 1805,1334 1812,1327 1832,1330 1862,1307 1882,1314 1900,1299 1942,1306 1984,1281 2018,1313 2018,1358 1985,1374 1953,1358 1928,1364 1913,1359 1882,1382 1809,1382 1794,1394 1759,1374 1749,1381 1720,1374 1712,1382 1677,1374 1631,1402 1589,1367 1509,1367 1491,1378 1470,1371 1451,1386 1400,1382 1367,1408 1318,1375 1293,1375 1278,1390 1264,1379 1236,1406 1206,1390 1133,1390 1125,1382 1074,1390 1050,1386 998,1402 949,1386 931,1404 909,1393 866,1406 825,1401 818,1394 797,1406 776,1390 748,1406 733,1406 724,1397 714,1401 687,1387 670,1387 656,1397 630,1390 594,1406 585,1398 562,1398 527,1422 511,1406 492,1398 473,1402 459,1390 410,1406 389,1390 351,1402 324,1398 299,1413 269,1395 234,1401 194,1438 184,1431"/>
            </Shape>
            <String ID="line_3326754f-49a9-48e0-89ed-18b63189e8af-dummy-Word" HEIGHT="157" WIDTH="1834" HPOS="184" VPOS="1281" CONTENT="dezelve op 24 parkementbladen in 't Latijn geschreven en naar het">
              <Shape>
                <Polygon POINTS="184,1326 198,1318 213,1327 289,1322 297,1330 344,1318 379,1334 421,1329 461,1336 473,1329 521,1358 558,1334 573,1338 597,1328 610,1335 631,1322 649,1331 668,1322 699,1323 738,1334 752,1322 779,1318 797,1334 817,1318 838,1326 849,1315 871,1322 882,1311 954,1342 967,1330 1018,1331 1037,1322 1071,1326 1093,1307 1132,1307 1149,1322 1190,1306 1220,1330 1273,1308 1294,1322 1313,1304 1335,1317 1349,1310 1357,1318 1368,1307 1375,1314 1386,1307 1424,1317 1439,1307 1464,1322 1495,1302 1527,1327 1568,1334 1594,1310 1613,1310 1621,1318 1630,1311 1639,1318 1664,1299 1682,1302 1695,1291 1717,1309 1745,1299 1805,1334 1812,1327 1832,1330 1862,1307 1882,1314 1900,1299 1942,1306 1984,1281 2018,1313 2018,1358 1985,1374 1953,1358 1928,1364 1913,1359 1882,1382 1809,1382 1794,1394 1759,1374 1749,1381 1720,1374 1712,1382 1677,1374 1631,1402 1589,1367 1509,1367 1491,1378 1470,1371 1451,1386 1400,1382 1367,1408 1318,1375 1293,1375 1278,1390 1264,1379 1236,1406 1206,1390 1133,1390 1125,1382 1074,1390 1050,1386 998,1402 949,1386 931,1404 909,1393 866,1406 825,1401 818,1394 797,1406 776,1390 748,1406 733,1406 724,1397 714,1401 687,1387 670,1387 656,1397 630,1390 594,1406 585,1398 562,1398 527,1422 511,1406 492,1398 473,1402 459,1390 410,1406 389,1390 351,1402 324,1398 299,1413 269,1395 234,1401 194,1438 184,1431"/>
              </Shape>
            </String>
          </TextLine>
          <TextLine ID="ce5055d3-f624-4798-af59-2a7725fd3c49" HEIGHT="132" WIDTH="1785" HPOS="180" VPOS="1363" STYLEREFS="textstyle-None---sans-serif---proportional---None---None---None">
            <Shape>
              <Polygon POINTS="180,1427 195,1438 233,1403 249,1402 266,1387 302,1412 319,1395 350,1402 372,1391 392,1391 412,1406 457,1391 469,1402 485,1397 500,1407 511,1403 528,1418 552,1399 585,1398 595,1406 626,1391 656,1397 666,1387 705,1391 736,1407 757,1403 779,1386 807,1402 818,1395 867,1406 892,1387 932,1403 962,1383 975,1395 995,1402 1008,1395 1017,1404 1048,1383 1072,1390 1096,1382 1116,1389 1128,1382 1152,1391 1163,1383 1192,1386 1207,1375 1233,1378 1241,1386 1260,1375 1276,1391 1292,1375 1322,1375 1369,1407 1398,1383 1416,1382 1425,1391 1446,1383 1472,1391 1496,1367 1592,1367 1612,1386 1635,1395 1676,1374 1709,1382 1734,1371 1764,1382 1774,1378 1795,1394 1855,1363 1885,1379 1904,1363 1930,1363 1965,1386 1965,1430 1953,1429 1932,1445 1868,1432 1846,1449 1816,1434 1747,1437 1716,1453 1678,1449 1659,1468 1637,1472 1556,1441 1541,1452 1513,1445 1473,1476 1448,1480 1429,1464 1403,1479 1367,1456 1285,1461 1271,1449 1249,1449 1222,1461 1213,1453 1162,1453 1125,1468 1101,1453 1052,1495 1017,1484 1001,1491 984,1476 954,1491 936,1476 885,1487 853,1476 820,1494 808,1491 778,1461 752,1468 717,1461 697,1476 644,1475 622,1461 578,1476 558,1492 512,1460 480,1461 462,1475 439,1468 410,1472 383,1461 337,1492 283,1461 258,1472 244,1468 220,1491 195,1472 180,1478"/>
            </Shape>
            <String ID="ce5055d3-f624-4798-af59-2a7725fd3c49-dummy-Word" HEIGHT="132" WIDTH="1785" HPOS="180" VPOS="1363" CONTENT="afhangende vergulden zegel de Gouden Bul genoemd; in dezelve">
              <Shape>
                <Polygon POINTS="180,1427 195,1438 233,1403 249,1402 266,1387 302,1412 319,1395 350,1402 372,1391 392,1391 412,1406 457,1391 469,1402 485,1397 500,1407 511,1403 528,1418 552,1399 585,1398 595,1406 626,1391 656,1397 666,1387 705,1391 736,1407 757,1403 779,1386 807,1402 818,1395 867,1406 892,1387 932,1403 962,1383 975,1395 995,1402 1008,1395 1017,1404 1048,1383 1072,1390 1096,1382 1116,1389 1128,1382 1152,1391 1163,1383 1192,1386 1207,1375 1233,1378 1241,1386 1260,1375 1276,1391 1292,1375 1322,1375 1369,1407 1398,1383 1416,1382 1425,1391 1446,1383 1472,1391 1496,1367 1592,1367 1612,1386 1635,1395 1676,1374 1709,1382 1734,1371 1764,1382 1774,1378 1795,1394 1855,1363 1885,1379 1904,1363 1930,1363 1965,1386 1965,1430 1953,1429 1932,1445 1868,1432 1846,1449 1816,1434 1747,1437 1716,1453 1678,1449 1659,1468 1637,1472 1556,1441 1541,1452 1513,1445 1473,1476 1448,1480 1429,1464 1403,1479 1367,1456 1285,1461 1271,1449 1249,1449 1222,1461 1213,1453 1162,1453 1125,1468 1101,1453 1052,1495 1017,1484 1001,1491 984,1476 954,1491 936,1476 885,1487 853,1476 820,1494 808,1491 778,1461 752,1468 717,1461 697,1476 644,1475 622,1461 578,1476 558,1492 512,1460 480,1461 462,1475 439,1468 410,1472 383,1461 337,1492 283,1461 258,1472 244,1468 220,1491 195,1472 180,1478"/>
              </Shape>
            </String>
          </TextLine>
          <TextLine ID="e403739e-3fe1-437c-b2d9-2dc7d8879e89" HEIGHT="139" WIDTH="1786" HPOS="183" VPOS="1433" STYLEREFS="textstyle-None---sans-serif---proportional---None---None---None">
            <Shape>
              <Polygon POINTS="183,1478 192,1473 220,1493 243,1470 256,1473 281,1460 330,1493 388,1458 416,1477 518,1458 553,1493 562,1493 595,1466 617,1465 643,1477 660,1470 670,1477 697,1477 724,1458 750,1458 778,1461 823,1497 866,1481 890,1485 929,1478 953,1493 980,1477 996,1489 1020,1485 1053,1497 1106,1454 1122,1466 1200,1450 1223,1462 1245,1450 1269,1462 1303,1462 1316,1453 1356,1461 1364,1454 1402,1481 1428,1464 1446,1481 1472,1478 1522,1442 1538,1450 1552,1446 1580,1465 1609,1461 1625,1470 1661,1469 1713,1445 1729,1453 1745,1438 1777,1434 1798,1442 1836,1442 1868,1433 1907,1438 1917,1446 1948,1437 1969,1458 1969,1503 1952,1517 1901,1506 1874,1509 1849,1525 1831,1522 1814,1537 1784,1545 1749,1530 1695,1541 1667,1526 1645,1537 1622,1514 1570,1529 1549,1521 1524,1545 1512,1537 1499,1541 1483,1525 1451,1544 1426,1541 1402,1522 1385,1522 1373,1534 1358,1525 1342,1541 1321,1537 1300,1522 1275,1538 1256,1533 1243,1541 1220,1529 1200,1538 1172,1526 1162,1536 1125,1541 1093,1526 1061,1526 1032,1542 1019,1533 1010,1541 986,1541 976,1533 951,1557 935,1549 913,1568 875,1572 856,1556 821,1541 795,1541 787,1533 747,1533 724,1549 699,1533 665,1557 637,1549 629,1557 603,1555 596,1561 561,1537 540,1545 516,1534 473,1565 430,1537 404,1556 385,1557 350,1530 329,1538 299,1530 284,1541 257,1541 249,1533 183,1533"/>
            </Shape>
            <String ID="e403739e-3fe1-437c-b2d9-2dc7d8879e89-dummy-Word" HEIGHT="139" WIDTH="1786" HPOS="183" VPOS="1433" CONTENT="wordt bepaald dat de kooning van den duitschen Keizer altyd te">
              <Shape>
                <Polygon POINTS="183,1478 192,1473 220,1493 243,1470 256,1473 281,1460 330,1493 388,1458 416,1477 518,1458 553,1493 562,1493 595,1466 617,1465 643,1477 660,1470 670,1477 697,1477 724,1458 750,1458 778,1461 823,1497 866,1481 890,1485 929,1478 953,1493 980,1477 996,1489 1020,1485 1053,1497 1106,1454 1122,1466 1200,1450 1223,1462 1245,1450 1269,1462 1303,1462 1316,1453 1356,1461 1364,1454 1402,1481 1428,1464 1446,1481 1472,1478 1522,1442 1538,1450 1552,1446 1580,1465 1609,1461 1625,1470 1661,1469 1713,1445 1729,1453 1745,1438 1777,1434 1798,1442 1836,1442 1868,1433 1907,1438 1917,1446 1948,1437 1969,1458 1969,1503 1952,1517 1901,1506 1874,1509 1849,1525 1831,1522 1814,1537 1784,1545 1749,1530 1695,1541 1667,1526 1645,1537 1622,1514 1570,1529 1549,1521 1524,1545 1512,1537 1499,1541 1483,1525 1451,1544 1426,1541 1402,1522 1385,1522 1373,1534 1358,1525 1342,1541 1321,1537 1300,1522 1275,1538 1256,1533 1243,1541 1220,1529 1200,1538 1172,1526 1162,1536 1125,1541 1093,1526 1061,1526 1032,1542 1019,1533 1010,1541 986,1541 976,1533 951,1557 935,1549 913,1568 875,1572 856,1556 821,1541 795,1541 787,1533 747,1533 724,1549 699,1533 665,1557 637,1549 629,1557 603,1555 596,1561 561,1537 540,1545 516,1534 473,1565 430,1537 404,1556 385,1557 350,1530 329,1538 299,1530 284,1541 257,1541 249,1533 183,1533"/>
              </Shape>
            </String>
          </TextLine>
          <TextLine ID="line_59b42386-03c5-4af6-9283-8a4e70faf384" HEIGHT="129" WIDTH="1872" HPOS="182" VPOS="1518" STYLEREFS="textstyle-None---sans-serif---proportional---None---None---None">
            <Shape>
              <Polygon POINTS="182,1535 192,1529 284,1541 299,1531 335,1537 349,1529 383,1557 403,1556 430,1541 473,1565 492,1549 513,1549 527,1540 563,1540 595,1561 602,1554 628,1557 636,1549 665,1557 695,1537 727,1544 746,1533 777,1533 785,1541 820,1541 877,1573 916,1568 936,1553 961,1557 981,1541 1011,1541 1019,1533 1031,1541 1059,1526 1092,1526 1125,1541 1143,1541 1172,1526 1187,1537 1222,1529 1258,1557 1306,1551 1311,1556 1332,1537 1355,1541 1388,1522 1425,1541 1453,1543 1497,1518 1518,1530 1528,1521 1541,1527 1550,1518 1569,1529 1616,1526 1638,1537 1678,1525 1694,1540 1753,1533 1781,1548 1814,1537 1831,1521 1854,1521 1904,1549 1936,1525 1952,1533 1961,1524 1976,1537 1986,1533 2009,1541 2028,1557 2054,1545 2054,1589 2041,1589 2024,1604 2009,1593 1974,1601 1959,1589 1934,1589 1927,1596 1908,1589 1888,1597 1829,1589 1801,1613 1768,1617 1744,1601 1713,1609 1696,1600 1674,1612 1641,1612 1613,1625 1584,1601 1572,1609 1554,1597 1513,1605 1473,1597 1441,1629 1418,1639 1385,1633 1377,1640 1334,1616 1315,1628 1293,1612 1272,1612 1258,1603 1235,1616 1216,1614 1170,1647 1145,1633 1117,1637 1093,1621 1079,1624 1066,1612 1044,1624 1025,1610 970,1627 959,1618 945,1621 935,1612 922,1617 907,1608 871,1621 839,1620 831,1612 813,1621 798,1608 779,1605 764,1616 747,1605 724,1613 707,1605 663,1605 656,1612 646,1605 605,1605 591,1614 578,1612 566,1624 537,1608 524,1612 516,1605 497,1613 484,1605 458,1629 435,1618 418,1632 380,1605 350,1629 319,1628 287,1607 274,1613 260,1609 242,1620 224,1609 200,1633 182,1639"/>
            </Shape>
            <String ID="line_59b42386-03c5-4af6-9283-8a4e70faf384-dummy-Word" HEIGHT="129" WIDTH="1872" HPOS="182" VPOS="1518" CONTENT="Transfort en door den Neurvorit van Maintz moet geschieden van">
              <Shape>
                <Polygon POINTS="182,1535 192,1529 284,1541 299,1531 335,1537 349,1529 383,1557 403,1556 430,1541 473,1565 492,1549 513,1549 527,1540 563,1540 595,1561 602,1554 628,1557 636,1549 665,1557 695,1537 727,1544 746,1533 777,1533 785,1541 820,1541 877,1573 916,1568 936,1553 961,1557 981,1541 1011,1541 1019,1533 1031,1541 1059,1526 1092,1526 1125,1541 1143,1541 1172,1526 1187,1537 1222,1529 1258,1557 1306,1551 1311,1556 1332,1537 1355,1541 1388,1522 1425,1541 1453,1543 1497,1518 1518,1530 1528,1521 1541,1527 1550,1518 1569,1529 1616,1526 1638,1537 1678,1525 1694,1540 1753,1533 1781,1548 1814,1537 1831,1521 1854,1521 1904,1549 1936,1525 1952,1533 1961,1524 1976,1537 1986,1533 2009,1541 2028,1557 2054,1545 2054,1589 2041,1589 2024,1604 2009,1593 1974,1601 1959,1589 1934,1589 1927,1596 1908,1589 1888,1597 1829,1589 1801,1613 1768,1617 1744,1601 1713,1609 1696,1600 1674,1612 1641,1612 1613,1625 1584,1601 1572,1609 1554,1597 1513,1605 1473,1597 1441,1629 1418,1639 1385,1633 1377,1640 1334,1616 1315,1628 1293,1612 1272,1612 1258,1603 1235,1616 1216,1614 1170,1647 1145,1633 1117,1637 1093,1621 1079,1624 1066,1612 1044,1624 1025,1610 970,1627 959,1618 945,1621 935,1612 922,1617 907,1608 871,1621 839,1620 831,1612 813,1621 798,1608 779,1605 764,1616 747,1605 724,1613 707,1605 663,1605 656,1612 646,1605 605,1605 591,1614 578,1612 566,1624 537,1608 524,1612 516,1605 497,1613 484,1605 458,1629 435,1618 418,1632 380,1605 350,1629 319,1628 287,1607 274,1613 260,1609 242,1620 224,1609 200,1633 182,1639"/>
              </Shape>
            </String>
          </TextLine>
          <TextLine ID="line_65f93d46-1b0c-4f4c-ab28-983221629646" HEIGHT="135" WIDTH="1886" HPOS="182" VPOS="1590" STYLEREFS="textstyle-None---sans-serif---proportional---None---None---None">
            <Shape>
              <Polygon POINTS="182,1639 200,1633 224,1609 242,1620 260,1609 287,1608 319,1628 351,1629 382,1606 418,1633 435,1618 459,1629 485,1606 495,1613 537,1609 566,1624 577,1613 606,1606 615,1612 647,1606 655,1613 664,1606 707,1606 714,1613 748,1606 764,1616 780,1606 799,1609 812,1621 832,1613 860,1629 903,1609 932,1624 958,1606 982,1621 1028,1613 1042,1625 1067,1613 1080,1625 1091,1621 1126,1639 1156,1637 1170,1648 1244,1613 1283,1645 1306,1652 1338,1645 1346,1651 1363,1637 1386,1633 1419,1640 1471,1598 1478,1605 1499,1600 1511,1606 1523,1598 1535,1605 1553,1598 1567,1609 1586,1605 1611,1625 1637,1613 1651,1617 1667,1609 1675,1615 1689,1601 1707,1609 1742,1601 1776,1629 1829,1590 1869,1590 1877,1597 1959,1590 1974,1605 2011,1595 2068,1625 2068,1669 2027,1693 1999,1676 1972,1671 1956,1684 1923,1685 1911,1693 1886,1676 1863,1685 1846,1684 1835,1673 1762,1677 1745,1669 1715,1685 1704,1676 1679,1677 1617,1709 1594,1692 1574,1688 1543,1701 1503,1696 1487,1709 1459,1700 1431,1711 1395,1685 1367,1678 1307,1721 1261,1712 1242,1720 1180,1684 1164,1692 1131,1685 1107,1700 1081,1701 1071,1693 1034,1693 1008,1677 995,1677 966,1700 941,1686 934,1693 887,1689 860,1708 819,1700 797,1684 759,1681 739,1701 702,1696 691,1703 660,1696 622,1716 584,1703 541,1724 515,1723 495,1707 488,1712 460,1684 440,1685 390,1725 319,1685 299,1696 288,1686 253,1685 231,1703 182,1706"/>
            </Shape>
            <String ID="line_65f93d46-1b0c-4f4c-ab28-983221629646-dummy-Word" HEIGHT="135" WIDTH="1886" HPOS="182" VPOS="1590" CONTENT="welke bepaling men echter wel eens afgegaan is: de persoon, die dezel„">
              <Shape>
                <Polygon POINTS="182,1639 200,1633 224,1609 242,1620 260,1609 287,1608 319,1628 351,1629 382,1606 418,1633 435,1618 459,1629 485,1606 495,1613 537,1609 566,1624 577,1613 606,1606 615,1612 647,1606 655,1613 664,1606 707,1606 714,1613 748,1606 764,1616 780,1606 799,1609 812,1621 832,1613 860,1629 903,1609 932,1624 958,1606 982,1621 1028,1613 1042,1625 1067,1613 1080,1625 1091,1621 1126,1639 1156,1637 1170,1648 1244,1613 1283,1645 1306,1652 1338,1645 1346,1651 1363,1637 1386,1633 1419,1640 1471,1598 1478,1605 1499,1600 1511,1606 1523,1598 1535,1605 1553,1598 1567,1609 1586,1605 1611,1625 1637,1613 1651,1617 1667,1609 1675,1615 1689,1601 1707,1609 1742,1601 1776,1629 1829,1590 1869,1590 1877,1597 1959,1590 1974,1605 2011,1595 2068,1625 2068,1669 2027,1693 1999,1676 1972,1671 1956,1684 1923,1685 1911,1693 1886,1676 1863,1685 1846,1684 1835,1673 1762,1677 1745,1669 1715,1685 1704,1676 1679,1677 1617,1709 1594,1692 1574,1688 1543,1701 1503,1696 1487,1709 1459,1700 1431,1711 1395,1685 1367,1678 1307,1721 1261,1712 1242,1720 1180,1684 1164,1692 1131,1685 1107,1700 1081,1701 1071,1693 1034,1693 1008,1677 995,1677 966,1700 941,1686 934,1693 887,1689 860,1708 819,1700 797,1684 759,1681 739,1701 702,1696 691,1703 660,1696 622,1716 584,1703 541,1724 515,1723 495,1707 488,1712 460,1684 440,1685 390,1725 319,1685 299,1696 288,1686 253,1685 231,1703 182,1706"/>
              </Shape>
            </String>
          </TextLine>
          <TextLine ID="line_9b0a876a-ebf9-4e9d-8994-b27adfb065b4" HEIGHT="130" WIDTH="1885" HPOS="179" VPOS="1669" STYLEREFS="textstyle-None---sans-serif---proportional---None---None---None">
            <Shape>
              <Polygon POINTS="179,1705 201,1700 217,1684 240,1693 286,1681 300,1694 316,1681 388,1725 442,1684 461,1684 515,1723 543,1723 592,1716 616,1704 638,1708 660,1696 735,1704 760,1681 804,1684 836,1707 870,1700 884,1688 915,1696 928,1692 936,1700 957,1692 977,1700 1013,1681 1037,1694 1052,1684 1097,1703 1137,1684 1160,1692 1180,1684 1239,1719 1262,1712 1286,1724 1295,1716 1306,1723 1322,1715 1362,1680 1399,1683 1430,1711 1464,1700 1488,1708 1502,1696 1552,1700 1580,1688 1632,1716 1691,1675 1713,1684 1727,1676 1758,1703 1773,1688 1799,1692 1834,1672 1842,1679 1852,1669 1875,1669 1903,1688 1914,1680 1927,1688 1956,1684 1969,1672 1993,1688 2003,1682 2019,1692 2034,1688 2058,1712 2064,1707 2064,1751 2035,1772 2017,1768 1992,1788 1918,1748 1882,1771 1844,1748 1804,1755 1794,1748 1767,1748 1759,1756 1737,1748 1705,1754 1693,1748 1676,1755 1659,1748 1643,1760 1610,1764 1571,1796 1544,1782 1479,1795 1434,1780 1413,1759 1404,1764 1388,1752 1362,1770 1351,1759 1333,1772 1317,1764 1284,1764 1261,1786 1249,1780 1219,1799 1141,1748 1111,1771 1102,1767 1092,1776 989,1748 979,1756 941,1752 934,1759 923,1752 887,1764 848,1757 804,1785 795,1779 737,1780 716,1769 707,1775 699,1767 677,1772 652,1766 627,1748 614,1748 581,1769 550,1752 535,1766 516,1756 477,1775 465,1764 456,1772 434,1763 410,1772 394,1756 377,1755 349,1767 336,1759 317,1767 308,1759 300,1764 245,1756 224,1768 179,1748"/>
            </Shape>
            <String ID="line_9b0a876a-ebf9-4e9d-8994-b27adfb065b4-dummy-Word" HEIGHT="130" WIDTH="1885" HPOS="179" VPOS="1669" CONTENT="ve thans bewaarde, af voor eenige dagen afwezig zynde was het ons">
              <Shape>
                <Polygon POINTS="179,1705 201,1700 217,1684 240,1693 286,1681 300,1694 316,1681 388,1725 442,1684 461,1684 515,1723 543,1723 592,1716 616,1704 638,1708 660,1696 735,1704 760,1681 804,1684 836,1707 870,1700 884,1688 915,1696 928,1692 936,1700 957,1692 977,1700 1013,1681 1037,1694 1052,1684 1097,1703 1137,1684 1160,1692 1180,1684 1239,1719 1262,1712 1286,1724 1295,1716 1306,1723 1322,1715 1362,1680 1399,1683 1430,1711 1464,1700 1488,1708 1502,1696 1552,1700 1580,1688 1632,1716 1691,1675 1713,1684 1727,1676 1758,1703 1773,1688 1799,1692 1834,1672 1842,1679 1852,1669 1875,1669 1903,1688 1914,1680 1927,1688 1956,1684 1969,1672 1993,1688 2003,1682 2019,1692 2034,1688 2058,1712 2064,1707 2064,1751 2035,1772 2017,1768 1992,1788 1918,1748 1882,1771 1844,1748 1804,1755 1794,1748 1767,1748 1759,1756 1737,1748 1705,1754 1693,1748 1676,1755 1659,1748 1643,1760 1610,1764 1571,1796 1544,1782 1479,1795 1434,1780 1413,1759 1404,1764 1388,1752 1362,1770 1351,1759 1333,1772 1317,1764 1284,1764 1261,1786 1249,1780 1219,1799 1141,1748 1111,1771 1102,1767 1092,1776 989,1748 979,1756 941,1752 934,1759 923,1752 887,1764 848,1757 804,1785 795,1779 737,1780 716,1769 707,1775 699,1767 677,1772 652,1766 627,1748 614,1748 581,1769 550,1752 535,1766 516,1756 477,1775 465,1764 456,1772 434,1763 410,1772 394,1756 377,1755 349,1767 336,1759 317,1767 308,1759 300,1764 245,1756 224,1768 179,1748"/>
              </Shape>
            </String>
          </TextLine>
          <TextLine ID="c9c483ef-8571-40f1-8ef5-2c893f1cc191" HEIGHT="116" WIDTH="1837" HPOS="180" VPOS="1747" STYLEREFS="textstyle-None---sans-serif---proportional---None---None---None">
            <Shape>
              <Polygon POINTS="180,1749 190,1747 210,1765 217,1758 273,1758 314,1768 343,1755 359,1763 368,1755 402,1759 424,1752 456,1771 466,1766 477,1774 518,1756 555,1775 581,1760 631,1752 652,1767 666,1763 699,1779 723,1771 752,1783 795,1779 819,1759 840,1764 874,1755 908,1759 921,1750 977,1756 1009,1751 1054,1771 1082,1771 1100,1787 1122,1779 1184,1798 1198,1791 1223,1793 1260,1763 1314,1763 1332,1772 1350,1759 1364,1771 1392,1755 1400,1763 1414,1759 1454,1787 1487,1798 1496,1791 1509,1803 1531,1807 1540,1799 1568,1798 1609,1767 1645,1779 1673,1775 1681,1767 1689,1774 1718,1752 1770,1759 1786,1748 1803,1754 1843,1748 1880,1767 1918,1748 1981,1775 2000,1791 2017,1781 2017,1823 1991,1823 1977,1835 1938,1823 1908,1852 1891,1851 1875,1838 1860,1841 1839,1823 1790,1838 1769,1823 1747,1835 1739,1829 1724,1843 1712,1837 1692,1843 1659,1827 1633,1834 1607,1827 1588,1843 1552,1834 1520,1836 1491,1862 1445,1838 1411,1851 1381,1835 1356,1855 1322,1827 1269,1863 1254,1851 1231,1855 1199,1835 1163,1838 1151,1827 1143,1832 1128,1823 1092,1839 1045,1823 1025,1831 1014,1827 999,1838 966,1823 958,1831 929,1828 917,1838 874,1830 861,1839 820,1827 811,1835 797,1827 772,1839 754,1823 740,1830 717,1823 672,1862 632,1827 622,1834 601,1826 587,1835 564,1823 543,1839 521,1826 491,1843 473,1839 461,1847 441,1830 425,1831 407,1846 388,1829 364,1839 314,1826 299,1835 279,1827 236,1838 180,1825"/>
            </Shape>
            <String ID="c9c483ef-8571-40f1-8ef5-2c893f1cc191-dummy-Word" HEIGHT="116" WIDTH="1837" HPOS="180" VPOS="1747" CONTENT="ondanks, alle aangevende moeite, ommogelyk om dit stuk te zien">
              <Shape>
                <Polygon POINTS="180,1749 190,1747 210,1765 217,1758 273,1758 314,1768 343,1755 359,1763 368,1755 402,1759 424,1752 456,1771 466,1766 477,1774 518,1756 555,1775 581,1760 631,1752 652,1767 666,1763 699,1779 723,1771 752,1783 795,1779 819,1759 840,1764 874,1755 908,1759 921,1750 977,1756 1009,1751 1054,1771 1082,1771 1100,1787 1122,1779 1184,1798 1198,1791 1223,1793 1260,1763 1314,1763 1332,1772 1350,1759 1364,1771 1392,1755 1400,1763 1414,1759 1454,1787 1487,1798 1496,1791 1509,1803 1531,1807 1540,1799 1568,1798 1609,1767 1645,1779 1673,1775 1681,1767 1689,1774 1718,1752 1770,1759 1786,1748 1803,1754 1843,1748 1880,1767 1918,1748 1981,1775 2000,1791 2017,1781 2017,1823 1991,1823 1977,1835 1938,1823 1908,1852 1891,1851 1875,1838 1860,1841 1839,1823 1790,1838 1769,1823 1747,1835 1739,1829 1724,1843 1712,1837 1692,1843 1659,1827 1633,1834 1607,1827 1588,1843 1552,1834 1520,1836 1491,1862 1445,1838 1411,1851 1381,1835 1356,1855 1322,1827 1269,1863 1254,1851 1231,1855 1199,1835 1163,1838 1151,1827 1143,1832 1128,1823 1092,1839 1045,1823 1025,1831 1014,1827 999,1838 966,1823 958,1831 929,1828 917,1838 874,1830 861,1839 820,1827 811,1835 797,1827 772,1839 754,1823 740,1830 717,1823 672,1862 632,1827 622,1834 601,1826 587,1835 564,1823 543,1839 521,1826 491,1843 473,1839 461,1847 441,1830 425,1831 407,1846 388,1829 364,1839 314,1826 299,1835 279,1827 236,1838 180,1825"/>
              </Shape>
            </String>
          </TextLine>
          <TextLine ID="c7096c9a-5a50-4945-9d42-c10d992bf9a7" HEIGHT="107" WIDTH="1856" HPOS="182" VPOS="1824" STYLEREFS="textstyle-None---sans-serif---proportional---None---None---None">
            <Shape>
              <Polygon POINTS="182,1856 214,1832 240,1840 279,1826 292,1833 339,1828 351,1839 379,1826 410,1846 431,1828 463,1847 474,1839 498,1840 516,1828 529,1828 551,1843 580,1824 601,1827 619,1843 653,1846 670,1863 715,1825 782,1843 798,1828 808,1836 820,1828 866,1836 898,1827 914,1839 951,1828 962,1839 986,1834 1055,1852 1074,1837 1102,1836 1127,1824 1162,1837 1195,1836 1233,1856 1254,1851 1270,1864 1323,1828 1359,1852 1390,1844 1411,1855 1439,1836 1477,1829 1488,1840 1501,1832 1509,1839 1556,1835 1565,1843 1586,1844 1607,1828 1629,1824 1664,1827 1705,1851 1733,1838 1747,1852 1770,1836 1780,1843 1813,1824 1839,1824 1884,1863 1901,1848 1913,1848 1937,1824 1974,1836 1986,1832 1994,1840 2038,1839 2038,1882 2024,1891 1985,1881 1967,1893 1931,1881 1917,1895 1903,1896 1883,1886 1858,1892 1850,1885 1807,1907 1801,1902 1778,1908 1742,1888 1733,1896 1720,1885 1706,1892 1687,1885 1659,1911 1631,1903 1622,1912 1600,1908 1588,1915 1553,1888 1522,1892 1505,1908 1482,1903 1451,1915 1420,1907 1402,1912 1373,1889 1338,1889 1325,1900 1294,1889 1280,1903 1270,1895 1227,1919 1211,1919 1196,1904 1174,1907 1146,1892 1133,1902 1119,1889 1048,1895 1025,1889 982,1927 967,1931 914,1923 902,1911 878,1919 844,1892 815,1902 800,1896 793,1903 778,1892 741,1893 692,1911 660,1892 634,1892 611,1914 596,1908 572,1931 563,1931 527,1900 503,1892 479,1896 455,1919 421,1892 383,1911 361,1912 341,1903 323,1918 304,1911 296,1919 266,1897 255,1903 244,1892 227,1892 208,1905 182,1892"/>
            </Shape>
            <String ID="c7096c9a-5a50-4945-9d42-c10d992bf9a7-dummy-Word" HEIGHT="107" WIDTH="1856" HPOS="182" VPOS="1824" CONTENT="Onder de openlyke inzichtingen, welke men hier aantreft, zyn de schouw">
              <Shape>
                <Polygon POINTS="182,1856 214,1832 240,1840 279,1826 292,1833 339,1828 351,1839 379,1826 410,1846 431,1828 463,1847 474,1839 498,1840 516,1828 529,1828 551,1843 580,1824 601,1827 619,1843 653,1846 670,1863 715,1825 782,1843 798,1828 808,1836 820,1828 866,1836 898,1827 914,1839 951,1828 962,1839 986,1834 1055,1852 1074,1837 1102,1836 1127,1824 1162,1837 1195,1836 1233,1856 1254,1851 1270,1864 1323,1828 1359,1852 1390,1844 1411,1855 1439,1836 1477,1829 1488,1840 1501,1832 1509,1839 1556,1835 1565,1843 1586,1844 1607,1828 1629,1824 1664,1827 1705,1851 1733,1838 1747,1852 1770,1836 1780,1843 1813,1824 1839,1824 1884,1863 1901,1848 1913,1848 1937,1824 1974,1836 1986,1832 1994,1840 2038,1839 2038,1882 2024,1891 1985,1881 1967,1893 1931,1881 1917,1895 1903,1896 1883,1886 1858,1892 1850,1885 1807,1907 1801,1902 1778,1908 1742,1888 1733,1896 1720,1885 1706,1892 1687,1885 1659,1911 1631,1903 1622,1912 1600,1908 1588,1915 1553,1888 1522,1892 1505,1908 1482,1903 1451,1915 1420,1907 1402,1912 1373,1889 1338,1889 1325,1900 1294,1889 1280,1903 1270,1895 1227,1919 1211,1919 1196,1904 1174,1907 1146,1892 1133,1902 1119,1889 1048,1895 1025,1889 982,1927 967,1931 914,1923 902,1911 878,1919 844,1892 815,1902 800,1896 793,1903 778,1892 741,1893 692,1911 660,1892 634,1892 611,1914 596,1908 572,1931 563,1931 527,1900 503,1892 479,1896 455,1919 421,1892 383,1911 361,1912 341,1903 323,1918 304,1911 296,1919 266,1897 255,1903 244,1892 227,1892 208,1905 182,1892"/>
              </Shape>
            </String>
          </TextLine>
          <TextLine ID="f1715c76-7655-486f-b6bc-4a1e35614afa" HEIGHT="115" WIDTH="1892" HPOS="184" VPOS="1880" STYLEREFS="textstyle-None---sans-serif---proportional---None---None---None">
            <Shape>
              <Polygon POINTS="184,1892 194,1889 210,1902 243,1892 304,1927 336,1907 371,1912 418,1895 456,1919 479,1896 501,1892 543,1923 569,1932 620,1892 661,1892 685,1909 783,1892 795,1903 841,1904 872,1925 904,1911 916,1923 949,1923 971,1932 1027,1888 1061,1895 1069,1888 1116,1888 1133,1900 1145,1892 1190,1908 1195,1904 1210,1919 1237,1916 1275,1888 1288,1894 1307,1888 1320,1900 1336,1888 1372,1888 1400,1914 1420,1906 1435,1915 1470,1911 1500,1885 1515,1899 1555,1888 1585,1915 1619,1912 1627,1904 1645,1908 1671,1888 1692,1889 1707,1899 1724,1884 1774,1907 1807,1906 1848,1884 1874,1905 1891,1888 1916,1895 1930,1881 1967,1895 1993,1880 2015,1899 2043,1884 2059,1900 2076,1899 2076,1944 2057,1952 2048,1945 2035,1955 2005,1941 1933,1941 1926,1948 1901,1945 1883,1952 1874,1945 1848,1956 1806,1948 1776,1967 1729,1945 1722,1952 1695,1948 1683,1960 1672,1952 1651,1960 1627,1956 1599,1976 1578,1971 1561,1983 1544,1983 1513,1956 1497,1952 1440,1956 1422,1949 1398,1960 1351,1949 1296,1960 1267,1949 1237,1975 1221,1979 1188,1956 1140,1962 1128,1952 1097,1952 1067,1972 1019,1952 952,1993 919,1979 885,1994 855,1972 823,1980 804,1995 776,1975 752,1976 733,1995 691,1983 668,1991 647,1973 585,1979 542,1960 526,1964 513,1956 457,1984 431,1964 390,1991 380,1983 356,1991 349,1984 329,1987 306,1964 297,1972 288,1963 273,1970 266,1963 195,1964 184,1956"/>
            </Shape>
            <String ID="f1715c76-7655-486f-b6bc-4a1e35614afa-dummy-Word" HEIGHT="115" WIDTH="1892" HPOS="184" VPOS="1880" CONTENT="burg en het voortreflyke Casino de voornaamste: eerstgemelde is een schoon">
              <Shape>
                <Polygon POINTS="184,1892 194,1889 210,1902 243,1892 304,1927 336,1907 371,1912 418,1895 456,1919 479,1896 501,1892 543,1923 569,1932 620,1892 661,1892 685,1909 783,1892 795,1903 841,1904 872,1925 904,1911 916,1923 949,1923 971,1932 1027,1888 1061,1895 1069,1888 1116,1888 1133,1900 1145,1892 1190,1908 1195,1904 1210,1919 1237,1916 1275,1888 1288,1894 1307,1888 1320,1900 1336,1888 1372,1888 1400,1914 1420,1906 1435,1915 1470,1911 1500,1885 1515,1899 1555,1888 1585,1915 1619,1912 1627,1904 1645,1908 1671,1888 1692,1889 1707,1899 1724,1884 1774,1907 1807,1906 1848,1884 1874,1905 1891,1888 1916,1895 1930,1881 1967,1895 1993,1880 2015,1899 2043,1884 2059,1900 2076,1899 2076,1944 2057,1952 2048,1945 2035,1955 2005,1941 1933,1941 1926,1948 1901,1945 1883,1952 1874,1945 1848,1956 1806,1948 1776,1967 1729,1945 1722,1952 1695,1948 1683,1960 1672,1952 1651,1960 1627,1956 1599,1976 1578,1971 1561,1983 1544,1983 1513,1956 1497,1952 1440,1956 1422,1949 1398,1960 1351,1949 1296,1960 1267,1949 1237,1975 1221,1979 1188,1956 1140,1962 1128,1952 1097,1952 1067,1972 1019,1952 952,1993 919,1979 885,1994 855,1972 823,1980 804,1995 776,1975 752,1976 733,1995 691,1983 668,1991 647,1973 585,1979 542,1960 526,1964 513,1956 457,1984 431,1964 390,1991 380,1983 356,1991 349,1984 329,1987 306,1964 297,1972 288,1963 273,1970 266,1963 195,1964 184,1956"/>
              </Shape>
            </String>
          </TextLine>
          <TextLine ID="db8e6f37-ff23-4e05-856e-d847f61512e7" HEIGHT="111" WIDTH="1888" HPOS="181" VPOS="1941" STYLEREFS="textstyle-None---sans-serif---proportional---None---None---None">
            <Shape>
              <Polygon POINTS="181,2032 235,1984 244,1988 287,1962 297,1972 307,1964 334,1964 355,1980 378,1980 386,1988 407,1979 422,1991 446,1979 464,1983 496,1960 520,1968 540,1960 558,1968 590,1960 617,1976 647,1972 687,1992 718,1988 731,1996 763,1976 778,1976 791,1988 801,1980 837,1980 870,1956 903,1956 948,1992 964,1989 1020,1952 1066,1972 1096,1952 1128,1952 1140,1963 1148,1956 1165,1963 1176,1952 1205,1956 1227,1949 1252,1963 1268,1949 1296,1960 1321,1960 1329,1952 1349,1960 1360,1949 1376,1959 1399,1960 1422,1949 1438,1956 1497,1952 1526,1964 1547,1983 1580,1971 1599,1976 1626,1956 1653,1960 1672,1952 1681,1960 1695,1948 1711,1947 1728,1964 1753,1956 1777,1967 1807,1948 1828,1949 1836,1957 1874,1945 1886,1952 1935,1941 2006,1941 2037,1956 2051,1945 2069,1960 2069,2004 2044,2013 2035,2004 2022,2012 1996,2004 1968,2029 1944,2015 1926,2023 1914,2012 1888,2027 1853,2008 1841,2016 1803,2008 1791,2020 1760,2019 1748,2028 1720,2022 1709,2027 1695,2015 1672,2014 1663,2021 1623,2016 1608,2023 1595,2012 1582,2023 1564,2012 1546,2027 1524,2029 1511,2039 1487,2023 1461,2032 1425,2024 1403,2036 1364,2019 1339,2040 1319,2035 1300,2019 1245,2020 1189,2051 1153,2020 1118,2020 1105,2028 1078,2020 1062,2024 1033,2052 982,2020 936,2043 902,2035 877,2050 870,2043 825,2039 803,2024 770,2032 718,2024 699,2039 677,2036 670,2043 635,2028 612,2039 564,2032 462,2039 432,2028 403,2040 354,2040 344,2031 330,2040 310,2028 275,2028 239,2036 224,2051 195,2028 181,2032"/>
            </Shape>
            <String ID="db8e6f37-ff23-4e05-856e-d847f61512e7-dummy-Word" HEIGHT="111" WIDTH="1888" HPOS="181" VPOS="1941" CONTENT="gebouw waarin men 4e reien loges boven elkanderen vindt, even als te">
              <Shape>
                <Polygon POINTS="181,2032 235,1984 244,1988 287,1962 297,1972 307,1964 334,1964 355,1980 378,1980 386,1988 407,1979 422,1991 446,1979 464,1983 496,1960 520,1968 540,1960 558,1968 590,1960 617,1976 647,1972 687,1992 718,1988 731,1996 763,1976 778,1976 791,1988 801,1980 837,1980 870,1956 903,1956 948,1992 964,1989 1020,1952 1066,1972 1096,1952 1128,1952 1140,1963 1148,1956 1165,1963 1176,1952 1205,1956 1227,1949 1252,1963 1268,1949 1296,1960 1321,1960 1329,1952 1349,1960 1360,1949 1376,1959 1399,1960 1422,1949 1438,1956 1497,1952 1526,1964 1547,1983 1580,1971 1599,1976 1626,1956 1653,1960 1672,1952 1681,1960 1695,1948 1711,1947 1728,1964 1753,1956 1777,1967 1807,1948 1828,1949 1836,1957 1874,1945 1886,1952 1935,1941 2006,1941 2037,1956 2051,1945 2069,1960 2069,2004 2044,2013 2035,2004 2022,2012 1996,2004 1968,2029 1944,2015 1926,2023 1914,2012 1888,2027 1853,2008 1841,2016 1803,2008 1791,2020 1760,2019 1748,2028 1720,2022 1709,2027 1695,2015 1672,2014 1663,2021 1623,2016 1608,2023 1595,2012 1582,2023 1564,2012 1546,2027 1524,2029 1511,2039 1487,2023 1461,2032 1425,2024 1403,2036 1364,2019 1339,2040 1319,2035 1300,2019 1245,2020 1189,2051 1153,2020 1118,2020 1105,2028 1078,2020 1062,2024 1033,2052 982,2020 936,2043 902,2035 877,2050 870,2043 825,2039 803,2024 770,2032 718,2024 699,2039 677,2036 670,2043 635,2028 612,2039 564,2032 462,2039 432,2028 403,2040 354,2040 344,2031 330,2040 310,2028 275,2028 239,2036 224,2051 195,2028 181,2032"/>
              </Shape>
            </String>
          </TextLine>
          <TextLine ID="line_31f47b11-cba9-459b-91ac-80a372f28f17" HEIGHT="113" WIDTH="1879" HPOS="193" VPOS="2007" STYLEREFS="textstyle-None---sans-serif---proportional---None---None---None">
            <Shape>
              <Polygon POINTS="193,2062 235,2039 278,2046 289,2035 315,2030 333,2038 360,2030 375,2042 384,2035 398,2046 430,2047 451,2036 457,2042 499,2034 615,2039 631,2027 655,2035 704,2027 741,2038 831,2034 875,2048 884,2042 904,2047 918,2038 949,2050 978,2023 1034,2051 1082,2019 1102,2034 1116,2023 1155,2019 1204,2039 1251,2017 1265,2023 1299,2018 1326,2039 1342,2039 1359,2023 1370,2024 1411,2054 1424,2054 1474,2023 1491,2023 1518,2038 1565,2011 1585,2023 1598,2011 1610,2019 1627,2014 1651,2022 1685,2014 1715,2031 1732,2023 1750,2027 1758,2019 1786,2023 1803,2007 1835,2015 1853,2007 1870,2013 1891,2007 1899,2014 1923,2007 1944,2015 1992,2007 2023,2022 2050,2014 2072,2024 2072,2069 2050,2085 2027,2073 2006,2079 1988,2073 1948,2104 1938,2104 1907,2080 1868,2080 1857,2073 1847,2081 1834,2073 1774,2077 1754,2097 1710,2080 1678,2101 1660,2100 1631,2080 1599,2088 1575,2082 1530,2116 1471,2084 1442,2085 1419,2100 1398,2091 1371,2095 1348,2085 1319,2094 1300,2088 1284,2104 1261,2085 1244,2085 1224,2104 1185,2112 1160,2104 1137,2108 1114,2097 1099,2105 1079,2096 1070,2102 1061,2096 1003,2096 997,2102 985,2093 971,2104 962,2097 924,2104 883,2096 863,2100 856,2093 791,2101 777,2093 759,2108 726,2105 712,2116 680,2104 658,2115 646,2108 624,2115 595,2107 571,2115 522,2108 478,2119 455,2101 438,2116 430,2112 408,2120 363,2116 327,2101 315,2112 282,2107 253,2118 244,2109 229,2115 205,2100 193,2104"/>
            </Shape>
            <String ID="line_31f47b11-cba9-459b-91ac-80a372f28f17-dummy-Word" HEIGHT="113" WIDTH="1879" HPOS="193" VPOS="2007" CONTENT="Berlin is er een Klok boven het Theater men begint te zes uren pre¬">
              <Shape>
                <Polygon POINTS="193,2062 235,2039 278,2046 289,2035 315,2030 333,2038 360,2030 375,2042 384,2035 398,2046 430,2047 451,2036 457,2042 499,2034 615,2039 631,2027 655,2035 704,2027 741,2038 831,2034 875,2048 884,2042 904,2047 918,2038 949,2050 978,2023 1034,2051 1082,2019 1102,2034 1116,2023 1155,2019 1204,2039 1251,2017 1265,2023 1299,2018 1326,2039 1342,2039 1359,2023 1370,2024 1411,2054 1424,2054 1474,2023 1491,2023 1518,2038 1565,2011 1585,2023 1598,2011 1610,2019 1627,2014 1651,2022 1685,2014 1715,2031 1732,2023 1750,2027 1758,2019 1786,2023 1803,2007 1835,2015 1853,2007 1870,2013 1891,2007 1899,2014 1923,2007 1944,2015 1992,2007 2023,2022 2050,2014 2072,2024 2072,2069 2050,2085 2027,2073 2006,2079 1988,2073 1948,2104 1938,2104 1907,2080 1868,2080 1857,2073 1847,2081 1834,2073 1774,2077 1754,2097 1710,2080 1678,2101 1660,2100 1631,2080 1599,2088 1575,2082 1530,2116 1471,2084 1442,2085 1419,2100 1398,2091 1371,2095 1348,2085 1319,2094 1300,2088 1284,2104 1261,2085 1244,2085 1224,2104 1185,2112 1160,2104 1137,2108 1114,2097 1099,2105 1079,2096 1070,2102 1061,2096 1003,2096 997,2102 985,2093 971,2104 962,2097 924,2104 883,2096 863,2100 856,2093 791,2101 777,2093 759,2108 726,2105 712,2116 680,2104 658,2115 646,2108 624,2115 595,2107 571,2115 522,2108 478,2119 455,2101 438,2116 430,2112 408,2120 363,2116 327,2101 315,2112 282,2107 253,2118 244,2109 229,2115 205,2100 193,2104"/>
              </Shape>
            </String>
          </TextLine>
          <TextLine ID="line_2fadae0c-76ac-43b6-9181-310df372a85d" HEIGHT="129" WIDTH="1866" HPOS="193" VPOS="2071" STYLEREFS="textstyle-None---sans-serif---proportional---None---None---None">
            <Shape>
              <Polygon POINTS="193,2114 214,2107 271,2115 282,2105 316,2111 327,2100 361,2111 375,2100 419,2103 434,2096 481,2116 513,2115 522,2108 567,2116 590,2107 620,2115 635,2100 666,2111 686,2099 702,2115 713,2116 752,2092 779,2092 789,2100 856,2092 865,2100 883,2095 923,2104 971,2103 985,2093 997,2101 1005,2095 1043,2099 1058,2088 1098,2096 1109,2091 1135,2107 1157,2103 1169,2111 1180,2103 1191,2107 1208,2092 1222,2104 1246,2084 1326,2094 1350,2086 1418,2100 1454,2082 1479,2084 1514,2115 1530,2116 1574,2080 1597,2088 1629,2079 1666,2101 1710,2080 1754,2096 1774,2076 1806,2080 1815,2072 1834,2072 1846,2083 1906,2072 1942,2104 1989,2071 2004,2079 2014,2071 2027,2083 2038,2079 2059,2092 2059,2135 2038,2142 1994,2177 1959,2173 1942,2157 1909,2150 1865,2180 1846,2162 1832,2165 1797,2142 1747,2173 1736,2173 1706,2149 1691,2158 1670,2152 1662,2158 1648,2146 1636,2146 1586,2165 1560,2165 1536,2153 1505,2164 1486,2149 1453,2158 1435,2150 1401,2150 1386,2165 1372,2155 1351,2172 1327,2173 1316,2184 1297,2170 1274,2172 1238,2153 1209,2168 1186,2154 1142,2154 1131,2165 1116,2161 1086,2183 1082,2179 1058,2192 1033,2173 1025,2177 1010,2165 983,2165 974,2158 963,2169 951,2169 940,2158 931,2165 915,2158 883,2189 853,2178 814,2177 795,2162 751,2165 738,2158 731,2165 723,2158 687,2158 614,2169 545,2162 510,2181 495,2181 474,2200 440,2177 399,2181 389,2189 353,2177 325,2193 279,2173 261,2180 244,2165 193,2172"/>
            </Shape>
            <String ID="line_2fadae0c-76ac-43b6-9181-310df372a85d-dummy-Word" HEIGHT="129" WIDTH="1866" HPOS="193" VPOS="2071" CONTENT="cies en om guur is alles geeindigt wy zagen er het treurspel Graaf">
              <Shape>
                <Polygon POINTS="193,2114 214,2107 271,2115 282,2105 316,2111 327,2100 361,2111 375,2100 419,2103 434,2096 481,2116 513,2115 522,2108 567,2116 590,2107 620,2115 635,2100 666,2111 686,2099 702,2115 713,2116 752,2092 779,2092 789,2100 856,2092 865,2100 883,2095 923,2104 971,2103 985,2093 997,2101 1005,2095 1043,2099 1058,2088 1098,2096 1109,2091 1135,2107 1157,2103 1169,2111 1180,2103 1191,2107 1208,2092 1222,2104 1246,2084 1326,2094 1350,2086 1418,2100 1454,2082 1479,2084 1514,2115 1530,2116 1574,2080 1597,2088 1629,2079 1666,2101 1710,2080 1754,2096 1774,2076 1806,2080 1815,2072 1834,2072 1846,2083 1906,2072 1942,2104 1989,2071 2004,2079 2014,2071 2027,2083 2038,2079 2059,2092 2059,2135 2038,2142 1994,2177 1959,2173 1942,2157 1909,2150 1865,2180 1846,2162 1832,2165 1797,2142 1747,2173 1736,2173 1706,2149 1691,2158 1670,2152 1662,2158 1648,2146 1636,2146 1586,2165 1560,2165 1536,2153 1505,2164 1486,2149 1453,2158 1435,2150 1401,2150 1386,2165 1372,2155 1351,2172 1327,2173 1316,2184 1297,2170 1274,2172 1238,2153 1209,2168 1186,2154 1142,2154 1131,2165 1116,2161 1086,2183 1082,2179 1058,2192 1033,2173 1025,2177 1010,2165 983,2165 974,2158 963,2169 951,2169 940,2158 931,2165 915,2158 883,2189 853,2178 814,2177 795,2162 751,2165 738,2158 731,2165 723,2158 687,2158 614,2169 545,2162 510,2181 495,2181 474,2200 440,2177 399,2181 389,2189 353,2177 325,2193 279,2173 261,2180 244,2165 193,2172"/>
              </Shape>
            </String>
          </TextLine>
          <TextLine ID="line_427526e8-5dd7-4bfd-b508-9d5fbc73d0ee" HEIGHT="132" WIDTH="1870" HPOS="185" VPOS="2138" STYLEREFS="textstyle-None---sans-serif---proportional---None---None---None">
            <Shape>
              <Polygon POINTS="185,2190 193,2194 227,2165 245,2165 262,2180 276,2170 292,2185 314,2178 321,2185 377,2181 389,2189 405,2181 423,2190 440,2178 482,2194 524,2162 581,2162 602,2169 609,2162 645,2166 687,2158 744,2158 770,2166 779,2158 814,2178 835,2173 882,2190 918,2158 930,2165 941,2158 954,2169 986,2154 997,2165 1025,2166 1059,2190 1142,2154 1170,2154 1181,2165 1198,2158 1209,2168 1235,2154 1242,2161 1262,2161 1303,2194 1326,2173 1354,2170 1372,2155 1385,2165 1401,2150 1459,2158 1486,2149 1500,2161 1536,2153 1559,2166 1578,2166 1636,2146 1648,2146 1662,2158 1670,2152 1691,2158 1706,2149 1737,2173 1749,2174 1797,2142 1825,2161 1850,2165 1866,2181 1929,2138 1967,2173 2004,2174 2038,2142 2055,2158 2055,2202 2009,2217 1987,2201 1971,2212 1950,2212 1939,2223 1917,2208 1894,2224 1846,2219 1819,2205 1791,2205 1776,2220 1756,2212 1730,2220 1720,2212 1700,2218 1689,2211 1658,2229 1645,2222 1632,2229 1607,2212 1563,2227 1537,2212 1480,2212 1434,2228 1398,2262 1386,2263 1350,2257 1324,2236 1297,2235 1270,2220 1246,2243 1212,2223 1197,2235 1177,2227 1157,2235 1118,2228 1088,2255 1080,2251 1054,2270 998,2224 977,2224 966,2232 951,2224 930,2239 900,2224 851,2227 836,2239 812,2228 787,2239 760,2239 713,2227 673,2232 666,2239 653,2235 610,2259 582,2244 567,2251 534,2244 496,2254 452,2239 408,2266 387,2247 367,2247 355,2235 327,2239 316,2232 279,2254 247,2232 236,2232 185,2269"/>
            </Shape>
            <String ID="line_427526e8-5dd7-4bfd-b508-9d5fbc73d0ee-dummy-Word" HEIGHT="132" WIDTH="1870" HPOS="185" VPOS="2138" CONTENT="Esset door van Dyk ten toneele voeren hetwelk my wel voldeed: Madame">
              <Shape>
                <Polygon POINTS="185,2190 193,2194 227,2165 245,2165 262,2180 276,2170 292,2185 314,2178 321,2185 377,2181 389,2189 405,2181 423,2190 440,2178 482,2194 524,2162 581,2162 602,2169 609,2162 645,2166 687,2158 744,2158 770,2166 779,2158 814,2178 835,2173 882,2190 918,2158 930,2165 941,2158 954,2169 986,2154 997,2165 1025,2166 1059,2190 1142,2154 1170,2154 1181,2165 1198,2158 1209,2168 1235,2154 1242,2161 1262,2161 1303,2194 1326,2173 1354,2170 1372,2155 1385,2165 1401,2150 1459,2158 1486,2149 1500,2161 1536,2153 1559,2166 1578,2166 1636,2146 1648,2146 1662,2158 1670,2152 1691,2158 1706,2149 1737,2173 1749,2174 1797,2142 1825,2161 1850,2165 1866,2181 1929,2138 1967,2173 2004,2174 2038,2142 2055,2158 2055,2202 2009,2217 1987,2201 1971,2212 1950,2212 1939,2223 1917,2208 1894,2224 1846,2219 1819,2205 1791,2205 1776,2220 1756,2212 1730,2220 1720,2212 1700,2218 1689,2211 1658,2229 1645,2222 1632,2229 1607,2212 1563,2227 1537,2212 1480,2212 1434,2228 1398,2262 1386,2263 1350,2257 1324,2236 1297,2235 1270,2220 1246,2243 1212,2223 1197,2235 1177,2227 1157,2235 1118,2228 1088,2255 1080,2251 1054,2270 998,2224 977,2224 966,2232 951,2224 930,2239 900,2224 851,2227 836,2239 812,2228 787,2239 760,2239 713,2227 673,2232 666,2239 653,2235 610,2259 582,2244 567,2251 534,2244 496,2254 452,2239 408,2266 387,2247 367,2247 355,2235 327,2239 316,2232 279,2254 247,2232 236,2232 185,2269"/>
              </Shape>
            </String>
          </TextLine>
          <TextLine ID="line_26481345-c866-477b-9aa2-a4572352cff8" HEIGHT="126" WIDTH="1825" HPOS="172" VPOS="2206" STYLEREFS="textstyle-None---sans-serif---proportional---None---None---None">
            <Shape>
              <Polygon POINTS="172,2280 221,2237 246,2233 280,2253 299,2249 326,2256 359,2229 370,2229 411,2264 451,2249 470,2257 508,2252 525,2239 559,2261 589,2251 605,2261 637,2237 671,2237 679,2229 705,2248 754,2233 783,2241 814,2229 824,2237 867,2236 893,2252 909,2253 920,2252 952,2225 969,2229 985,2221 1018,2229 1036,2225 1053,2234 1068,2221 1085,2229 1097,2221 1111,2232 1121,2227 1143,2237 1166,2228 1195,2237 1211,2221 1230,2229 1242,2218 1279,2221 1300,2237 1331,2221 1345,2233 1387,2241 1399,2253 1446,2225 1481,2214 1552,2224 1561,2217 1593,2221 1604,2213 1634,2237 1688,2210 1715,2221 1754,2221 1764,2214 1776,2221 1809,2206 1826,2206 1847,2221 1870,2217 1892,2225 1933,2209 1984,2213 1997,2226 1997,2271 1974,2285 1927,2282 1917,2289 1897,2274 1860,2274 1833,2292 1821,2285 1788,2285 1780,2292 1764,2285 1728,2316 1718,2316 1684,2282 1639,2295 1608,2282 1572,2304 1556,2300 1542,2309 1530,2309 1508,2289 1474,2304 1452,2293 1434,2308 1365,2300 1351,2313 1316,2292 1290,2289 1264,2296 1239,2289 1227,2301 1214,2291 1194,2297 1168,2289 1104,2289 1081,2301 1070,2293 1060,2300 1025,2293 1017,2301 1005,2297 991,2308 984,2305 950,2332 905,2293 868,2301 856,2312 828,2297 789,2305 733,2296 685,2304 662,2297 612,2309 573,2299 557,2312 541,2308 525,2323 509,2325 489,2313 464,2317 418,2301 402,2308 342,2301 297,2324 263,2301 240,2301 217,2324 202,2328 185,2313 172,2315"/>
            </Shape>
            <String ID="line_26481345-c866-477b-9aa2-a4572352cff8-dummy-Word" HEIGHT="126" WIDTH="1825" HPOS="172" VPOS="2206" CONTENT="Voks voerde de rol van Koningin Elizabeth en de Hr werdy die van">
              <Shape>
                <Polygon POINTS="172,2280 221,2237 246,2233 280,2253 299,2249 326,2256 359,2229 370,2229 411,2264 451,2249 470,2257 508,2252 525,2239 559,2261 589,2251 605,2261 637,2237 671,2237 679,2229 705,2248 754,2233 783,2241 814,2229 824,2237 867,2236 893,2252 909,2253 920,2252 952,2225 969,2229 985,2221 1018,2229 1036,2225 1053,2234 1068,2221 1085,2229 1097,2221 1111,2232 1121,2227 1143,2237 1166,2228 1195,2237 1211,2221 1230,2229 1242,2218 1279,2221 1300,2237 1331,2221 1345,2233 1387,2241 1399,2253 1446,2225 1481,2214 1552,2224 1561,2217 1593,2221 1604,2213 1634,2237 1688,2210 1715,2221 1754,2221 1764,2214 1776,2221 1809,2206 1826,2206 1847,2221 1870,2217 1892,2225 1933,2209 1984,2213 1997,2226 1997,2271 1974,2285 1927,2282 1917,2289 1897,2274 1860,2274 1833,2292 1821,2285 1788,2285 1780,2292 1764,2285 1728,2316 1718,2316 1684,2282 1639,2295 1608,2282 1572,2304 1556,2300 1542,2309 1530,2309 1508,2289 1474,2304 1452,2293 1434,2308 1365,2300 1351,2313 1316,2292 1290,2289 1264,2296 1239,2289 1227,2301 1214,2291 1194,2297 1168,2289 1104,2289 1081,2301 1070,2293 1060,2300 1025,2293 1017,2301 1005,2297 991,2308 984,2305 950,2332 905,2293 868,2301 856,2312 828,2297 789,2305 733,2296 685,2304 662,2297 612,2309 573,2299 557,2312 541,2308 525,2323 509,2325 489,2313 464,2317 418,2301 402,2308 342,2301 297,2324 263,2301 240,2301 217,2324 202,2328 185,2313 172,2315"/>
              </Shape>
            </String>
          </TextLine>
          <TextLine ID="line_2312e7a7-aecc-4ccd-8862-b2f010bde595" HEIGHT="159" WIDTH="1907" HPOS="174" VPOS="2271" STYLEREFS="textstyle-None---sans-serif---proportional---None---None---None">
            <Shape>
              <Polygon POINTS="174,2314 211,2333 242,2303 264,2303 300,2326 332,2307 347,2314 363,2303 402,2309 434,2303 471,2322 483,2315 512,2326 571,2300 611,2311 651,2295 694,2302 721,2295 728,2302 764,2306 779,2300 789,2307 804,2299 831,2302 839,2294 858,2294 884,2302 899,2316 914,2302 942,2330 952,2331 981,2307 1017,2302 1025,2294 1033,2302 1052,2295 1072,2303 1087,2291 1188,2291 1195,2298 1209,2291 1223,2302 1238,2287 1256,2298 1270,2287 1289,2287 1300,2295 1313,2291 1335,2310 1350,2302 1433,2310 1457,2294 1479,2303 1492,2291 1507,2290 1528,2310 1544,2311 1586,2291 1600,2294 1611,2283 1671,2279 1721,2318 1764,2287 1836,2291 1860,2271 1874,2278 1918,2271 1930,2283 1985,2287 2004,2277 2041,2278 2070,2302 2081,2300 2081,2344 2070,2354 2057,2350 2038,2367 1997,2374 1956,2406 1920,2406 1908,2414 1873,2397 1814,2394 1788,2382 1771,2394 1762,2387 1746,2394 1730,2382 1722,2390 1679,2387 1652,2405 1627,2405 1565,2382 1551,2390 1519,2363 1488,2367 1468,2382 1455,2370 1426,2363 1398,2390 1363,2398 1346,2412 1327,2403 1302,2422 1275,2413 1261,2418 1243,2402 1233,2406 1225,2398 1195,2422 1180,2413 1149,2417 1138,2406 1124,2413 1096,2390 1074,2402 1065,2398 1042,2406 1008,2378 928,2430 913,2430 904,2421 884,2430 866,2414 828,2430 806,2422 779,2430 765,2422 758,2429 715,2405 675,2422 644,2405 622,2422 603,2414 587,2426 562,2430 552,2421 540,2430 516,2430 499,2421 454,2425 422,2402 374,2426 342,2422 326,2410 285,2429 247,2398 228,2398 209,2410 187,2390 174,2394"/>
            </Shape>
            <String ID="line_2312e7a7-aecc-4ccd-8862-b2f010bde595-dummy-Word" HEIGHT="159" WIDTH="1907" HPOS="174" VPOS="2271" CONTENT="Graef Esser zeer goed uit beter als Madr. Heineman die van Gravin Nottinghan">
              <Shape>
                <Polygon POINTS="174,2314 211,2333 242,2303 264,2303 300,2326 332,2307 347,2314 363,2303 402,2309 434,2303 471,2322 483,2315 512,2326 571,2300 611,2311 651,2295 694,2302 721,2295 728,2302 764,2306 779,2300 789,2307 804,2299 831,2302 839,2294 858,2294 884,2302 899,2316 914,2302 942,2330 952,2331 981,2307 1017,2302 1025,2294 1033,2302 1052,2295 1072,2303 1087,2291 1188,2291 1195,2298 1209,2291 1223,2302 1238,2287 1256,2298 1270,2287 1289,2287 1300,2295 1313,2291 1335,2310 1350,2302 1433,2310 1457,2294 1479,2303 1492,2291 1507,2290 1528,2310 1544,2311 1586,2291 1600,2294 1611,2283 1671,2279 1721,2318 1764,2287 1836,2291 1860,2271 1874,2278 1918,2271 1930,2283 1985,2287 2004,2277 2041,2278 2070,2302 2081,2300 2081,2344 2070,2354 2057,2350 2038,2367 1997,2374 1956,2406 1920,2406 1908,2414 1873,2397 1814,2394 1788,2382 1771,2394 1762,2387 1746,2394 1730,2382 1722,2390 1679,2387 1652,2405 1627,2405 1565,2382 1551,2390 1519,2363 1488,2367 1468,2382 1455,2370 1426,2363 1398,2390 1363,2398 1346,2412 1327,2403 1302,2422 1275,2413 1261,2418 1243,2402 1233,2406 1225,2398 1195,2422 1180,2413 1149,2417 1138,2406 1124,2413 1096,2390 1074,2402 1065,2398 1042,2406 1008,2378 928,2430 913,2430 904,2421 884,2430 866,2414 828,2430 806,2422 779,2430 765,2422 758,2429 715,2405 675,2422 644,2405 622,2422 603,2414 587,2426 562,2430 552,2421 540,2430 516,2430 499,2421 454,2425 422,2402 374,2426 342,2422 326,2410 285,2429 247,2398 228,2398 209,2410 187,2390 174,2394"/>
              </Shape>
            </String>
          </TextLine>
        </TextBlock>
      </PrintSpace>
    </Page>
  </Layout>
</alto>
