2083 2540
382 0 309 77 personen

1904 0 89 42 11

137 1 1838 181 te ontwaren, en te proeven van hetgeen op onophoudelyk uit de koepel

134 92 1840 140 vloeide: eenige van de opschriften aan alle kanten voorhanden vonde

134 148 1848 145 wy niet naauwkeurig door de Heeren schryvers van bovengenoemde reij

132 202 1874 145 medegedeelt daar wy eclaren fous ecce vere mirandus medicas pro

126 259 1872 156 curans aquas accurrize mundat sanatque cunctos morbidos hetgeen

131 314 1832 151 voornoemde schrivers op blad. 45 anders hebben opgegeven. van

135 366 1880 161 hier wandelder wy naar de stad en namen onzen intrek en het witt

138 431 1802 168 paard aan de voet van het kasteel gelegen. Profr. van Swinderen

137 494 1870 180 wierd dadelik herkend door de waarden als mede door den voer¬

137 555 1876 183 man, dien wij tegen de volgende dag voor 5 guld tot Steinfurt, aan¬

141 628 1873 171 namen, en dier zijn Hooggel: voor 7 jaren als geds gediend had;, terwijl

142 693 1833 161 het eerste gezicht dat wy op onze wandeling dagen de Heer

134 755 1892 176 Goldsmet wae van wien in de reis bovenvermeld op bl.. 46, 47 & 48

132 816 1848 186 van het eerste deel zulk een loflyk getuigen is is gegeven. Hy

134 880 1892 168 insinueerde zich op dezelve wize, vergezelde ons op onze geheel

134 945 1879 173 wandeling en was zeer vriendelik zoo dat deeze man of niet ge¬

136 1004 1853 164 weten heeft dat men hem z0o boos had afgeschilderd, of met opzet

140 1068 1840 179 kwaad met goed vergelde daar hij meermalen de naam van

145 1123 1861 168 van Swinderen hoorde noemen. Het kasteel bezigtigden wy slechts

142 1186 1883 173 van gedeeltelik van binnen en om de bouwvalligheid van zommige

147 1260 1851 166 delen, en wyl er weinig byzonders in het overige is: wy namen

146 1332 1819 168 evenwel de put, die zoo voet diep zou zyn, naauwkeurig op

146 1392 1872 152 en wierpen eenige steentjes in dezelve die eerst na 14 tellen het

150 1456 1806 160 water bereikten: op de eene zyde van het kasteel staat een toren

158 1508 1844 160 welke door de Fransche Generaal van Damme bij het verlate

147 1578 1891 152 van het nasteel geheel met kruid was gevuld geworden, gelukkig

159 1646 1830 154 dat de lont, die dit eerwaardig gedeukstuk de condheid

167 1708 1853 159 moest vernielin, over eene vogtige plaats liep en dus

168 1781 1849 160 uitging waarna alle inwoners van Bentheim, die ge¬

162 1854 1862 147 vlugt waren, terug kwamen: aan de tegen overgestelde zyde

152 1919 1895 159 is het grote stuk roks, duuwels oorkussen genoemd, waarop

158 1977 1823 157 in vrij duidelijke letters de woorden staan Autrucus

169 2037 1798 164 dijk jva Subantibus de Rector Schults, die ons op onre

168 2102 1874 164 wandeling mede vergezelde, merkte op dat alle steenen,

176 2167 1807 144 waariit de rots bestond, eene rigting hadden paralle

172 2226 1881 179 met de as der aarde en verhaalde ons voorts veele merk¬
