2083 2540
200 79 1807 130 tyds verloefd te hebben wandelden wy verder naar de zoogenaamde Reils:

192 151 1859 122 beng. Deeze te voren ruwe en woeste berg door den Koning aan den doctor Reil

192 223 1869 113 voor zyne Gewigtige dienden als opziener van de Lazaretten gegeven, heeft

188 285 1768 120 deeze, helaas voor de wetenschappen te vroeg overledene, Reil geheel

189 359 1772 110 als 't ware herschapen, van onder tot boven met gras, bomen, heesters en

190 425 1843 109 kruiden beplant zoo dat men hier thans allerliefde wandelingen vind

191 491 1830 114 hiertoe heeft hy 40 à 50000 Thaler besteed: boven opvind men zyn Graf

191 563 1860 110 door niets anders als eene treurwilg en eenige rozeboomen van het overige

185 630 1803 124 onderscheiden: op eene plaats, waar hy dikwyls zat, naast eene aller=

192 700 1822 130 liefste grot vandt men op eene steen de volgende regels van Horatius

236 777 1034 111 Linquenda tellus, et domus, et pelatens

231 857 1057 104 Uxor, neque illarum quas colis arbonsm

229 919 862 98 Te practer invisum inpressum

223 974 911 105 Ulla breven dominum sequetur

183 991 1793 158 zyne kinderen, waarvan 2 getrouwd zyn, bewonen thans het huis aan

177 1095 1833 116 de voet van de berg gelegen zoo wel als dat 't welk hy in stalle bezat.

174 1164 1843 108 aan de andere zyde van stalle digt bij het zoogenaamde sallon, dat

178 1222 1854 113 een zeer goed Koffyhuis met eene lieve tuin is en waar men alle avonden

175 1281 1834 134 vooral des zondags een goede tavel vindt, ziet men de plaats waar

176 1349 1795 121 meer dan 1000 Pruissen en Russen te Zeijisich gekwetst en te stalle

171 1424 1840 117 aan hunne wonden overleden begraven zyn: een eenvoudig monument

172 1495 1815 112 met een Gepast opschrift is hun door de metselaars gilde opgerigt,

174 1563 1815 131 den weldre zullen wy de plaats naderen waar duizenden verre

173 1633 1824 118 van hun Vaderland verre van hunne vrienden en bekenden in het

171 1708 1781 130 graf rustten: dezen middag toch zullen wy naar Leipsich vertrekken

173 1785 1697 134 van waar ik te gewis zal schryven: geloof my intusschen te zyn

1699 1857 191 70 de

189 2016 1773 165 P. S. de Koning van Panissen is tot nu toe niet gearriveerd. vale„
