2083 2540
349 1 359 76 personer

156 87 1833 145 Canonnen gemaakt, van de Kerk zelve afgescheiden, hy niet onder eene fraaye

156 186 1794 102 raftombe van zwart marmer waarop hy ook is afgebeeld: verder vind

157 251 1824 108 eener nog eene schoone zombe van den Grave van Slektenberg, een zeer

153 305 1817 118 hoor & groot altaar & eenige restes van voormalige kostbaarheden

159 367 1814 116 zagen wy toch en de capel, naast die van Barentje van Galen, ee

160 429 1802 132 roote glazen kast waarin te voren een zwaar zilvere oorlogschip

176 500 1807 117 72 stukken volgens zommigen door de Staten van Holland volgens

160 565 1809 127 nderen door die de Blokzylders aan voornoemde Bisschop gege=

161 634 1815 130 : ik voor my geloof wel het laatste daar, voor zoo verre mij be

152 697 1818 117 end is, de staten den Bisschop nimmmer iets gegeven hebben om hem te

151 762 1779 131 vredigen. Behalven den Don zagen wy nog de Riberwasser & Lamberti

155 828 1778 122 enken; en de eerstgenoemde vind men een sraan vergulde predikctoel

158 897 1793 118 eewyl men aan de horen van de laatste de yzeren kooyen ziet hangen

160 970 1769 121 daarin Ian van Leiden met 2 van zyne voornaamste aanhangers

1485 1030 101 49 die voor

166 1037 1812 128 opgesloten geweest, terwyl aan ieder der 4 pylaren waarop het Stads¬

167 1111 1768 113 iis rust, eene kryplang hangt waarmede hun op den 23 January 1536

157 1180 1802 106 het vleesch uit het lichaam is gereten daar zy geheel gloesend waren.

162 1246 1793 100 d stadhuis uitwendig van geene de minste bijzonderheid had ech

166 1307 1786 93 voor ons Hollanders iets zeer merkwaardigs men vind namelik

171 1371 1795 92 hetzelve de zaal waar in 1648 de venoemde Munstersche vrede

157 1434 1821 114 getekend geworden & die just zoo gebleven is als zy by het vertrek

159 1495 1812 104 er gezanten was: dat wij niet verzuimden dezelve te gaan zien kan

158 1565 1795 108 d ligt begripen & ik zal er u ook tragten eene korte beschrij¬

154 1629 1758 121 ing van te geeven. Door een zoort van gangetje bezyden het

155 1696 1839 124 tadhuis over een plaatsje gaande komt men in de bewuste zaal

159 1766 1820 129 e met zeer groot is en kleine vengstertjes in lood heeft, waarop

155 1847 1792 124 behoofden van eenige der voornaamste wederdopers zyn afge=

153 1914 1813 135 teld. Aan de muuren huigen 36 pourtracten waaronder 32 van de

157 1997 1789 114 venmalige gezanten der in het verbond betrokkene vorsten & deeze

154 2067 1824 106 onsen zelve, voorts waren er veele oude wapenen als hellebaarden, morgen

156 2139 1808 108 tarien, sabels enz. Eenige andere dragen hier in eene kast voorhanden

156 2206 1750 104 rerden er ons ook aangewezen als eene afgekapte & gedroogde hand

154 2268 1823 119 an een Notaris die eene valsche acte gepasseerd had, een verschriklyke

161 2331 1787 141 zeren halsband die tot om den neus sloeg, waarin de eene broeder
