2083 2540
196 22 1709 190 keroever gelegene Stad Bouw waar wy ons aan wal leeten zetten om

197 155 1820 123 d middagmaal te nemen en de stad te bezien. — Naauwlyks voet aan wal

193 218 1801 118 zet hebbende merkten wy aan het ongehoudelyk geluid en gebeugel als me„

196 282 1794 123 aan de groote drukte op de straat dat er iets gaande buitengewoons

196 339 1751 139 as en werklyk zagen wy ook kort daarna eene groote processie voor by

198 401 1769 123 en: de trein wierd geopend door eene menigte vrouwen en jonge dochters

200 460 1793 142 dwilte doeken om het hoofd, een zilveren plaattje aan een gekleurd lint

203 526 1795 145 den hals en paternosters in dehand die al viddende en prevelende

194 598 1818 138 ontwandelden: daarop volgde iemand die een cautifix en eenige andere

204 655 1804 143 e vaandels droegen waar It Josephus, St Joachim en St Anna opgeschil„

193 724 1791 142 ed waren zy waren gevolgd door eene groote troep mannen even als de

185 779 1831 145 rouwen twee en twee voortmarscherende en zingende de meeste ja byna

192 860 1809 138 lle hadden hunne hoeden aan geele Noorden op den rug vastgebonden;

192 923 1790 147 etreu wierd gesloten door een menigte wagens en karren, val kleine

193 982 1829 163 nandjes, waarschynlyk met proviant voor deeze lieden, die dikwyls

203 1056 1811 147 an zeer ver komen, en aller wonderlykst met strikken bloemen, vlaggen

1565 1137 119 58 urvor

194 1134 1816 143 „luiten vercierd. van het slot, dat te voren door de Broschap van Keulen,

186 1198 1830 151 de hier zyne residentie plaats had, bewoond wierd en door Keurvorst

180 1268 1835 164 lemens August gebouwt is, heeft men een uitmuntend gezicht op

182 1337 1763 166 de Zevenbergen even als van de slottein en het digt aan de oever

179 1405 1844 184 van den Ryn gelegene Kolwerk: in de revolutie oorlog is dit schoo„

185 1483 1820 163 ne slot vry wat beschadigt zoo dat het er nog haveloos uit ziet.

184 1556 1818 165 Overigens is deeze stad goed bebouwd, en zieh er zeer goed uit haare

180 1637 1726 162 oorsprong is onzeker doch zy moet zeer oud zyn daar reeds

181 1700 1783 167 Drusus Germanius behalven een kasteel hiereen bang over den

177 1773 1760 184 Ryn legde toen de stad reeds vry aanmerklyk was: men nieeut

174 1852 1808 167 dat het oude Verona hier geweest is en dat zy naderhand Bona

180 1931 1814 170 van Castra Bona, daar hier een der Romeinsche legioenen geweest is,

181 2020 1764 145 genoemd geworden. Zie hierover de brieven over Dunkeland 2 deel bl 303.

178 2086 1854 155 Na in het Kolnische Hoff voor 31 Francs een sober diner, bestaande uit

178 2158 1819 148 een zestal smakelooze vleeschen, en elk een half vles slegte Rhyn

175 2246 1812 145 wyn gebruikt te hebben gingen wy weder met eene goede provisie

173 2316 1835 160 tersen en andere vrugten beladen aan voord om verder naar
