<?xml version='1.0' encoding='UTF-8' standalone='yes'?>
<alto xmlns:xsi="http://www.w3.org/2001/XMLSchema-instance" xmlns="http://www.loc.gov/standards/alto/ns-v4#" xsi:schemaLocation="http://www.loc.gov/standards/alto/ns-v4# http://www.loc.gov/standards/alto/v4/alto-4-2.xsd" SCHEMAVERSION="4.2">
  <Description>
    <MeasurementUnit>pixel</MeasurementUnit>
    <sourceImageInformation>
      <fileName>0083_0552_0179_0083.jpg</fileName>
    </sourceImageInformation>
  </Description>
  <Styles>
    <TextStyle ID="textstyle-None---sans-serif---proportional---None---None---None" FONTTYPE="sans-serif" FONTWIDTH="proportional"/>
  </Styles>
  <Tags/>
  <Layout>
    <Page ID="None" PHYSICAL_IMG_NR="0" WIDTH="2083" HEIGHT="2540">
      <PrintSpace VPOS="0" HPOS="0" HEIGHT="2540" WIDTH="2083">
        <TextBlock ID="b204feb4-5749-4cc6-bf0d-c7fa92b97cc4" HEIGHT="55" WIDTH="80" HPOS="1929" VPOS="40" IDNEXT="region_02706f90-f78f-4da9-bc56-c9eac35dc25e">
          <Shape>
            <Polygon POINTS="1929,40 2009,40 2009,95 1929,95"/>
          </Shape>
          <TextLine ID="b5e11350-6fc4-4844-a5f2-9c442420cb09" HEIGHT="55" WIDTH="80" HPOS="1929" VPOS="40" STYLEREFS="textstyle-None---sans-serif---proportional---None---None---None">
            <Shape>
              <Polygon POINTS="1929,51 1962,40 1995,40 2004,48 2009,43 2009,87 1996,84 1980,95 1970,85 1929,81"/>
            </Shape>
            <String ID="b5e11350-6fc4-4844-a5f2-9c442420cb09-dummy-Word" HEIGHT="55" WIDTH="80" HPOS="1929" VPOS="40" CONTENT="33.">
              <Shape>
                <Polygon POINTS="1929,51 1962,40 1995,40 2004,48 2009,43 2009,87 1996,84 1980,95 1970,85 1929,81"/>
              </Shape>
            </String>
          </TextLine>
        </TextBlock>
        <TextBlock ID="region_02706f90-f78f-4da9-bc56-c9eac35dc25e" HEIGHT="2145" WIDTH="1872" HPOS="172" VPOS="43">
          <Shape>
            <Polygon POINTS="172,43 2044,43 2044,2188 172,2188"/>
          </Shape>
          <TextLine ID="line_7ff4764c-4789-483a-8d3e-b691931def42" HEIGHT="147" WIDTH="1806" HPOS="188" VPOS="43" STYLEREFS="textstyle-None---sans-serif---proportional---None---None---None">
            <Shape>
              <Polygon POINTS="188,76 229,83 238,92 297,93 327,81 341,93 366,73 387,69 402,81 417,80 453,58 474,61 497,77 541,61 571,61 586,69 601,57 663,88 699,76 732,92 741,84 772,84 817,60 841,60 862,76 879,76 929,53 982,53 999,69 1017,69 1028,60 1064,64 1093,84 1109,75 1145,85 1170,68 1189,65 1200,76 1231,73 1245,85 1317,53 1337,61 1358,53 1378,64 1402,57 1418,69 1435,55 1453,73 1501,85 1541,57 1570,64 1608,43 1623,45 1672,81 1694,61 1716,64 1739,52 1771,72 1786,64 1809,65 1828,49 1842,49 1879,68 1891,61 1907,77 1969,85 1980,96 1994,89 1994,132 1944,144 1929,159 1904,135 1883,132 1870,139 1834,132 1811,136 1781,157 1757,136 1721,143 1708,155 1696,144 1640,155 1625,141 1593,151 1578,136 1534,147 1513,136 1505,143 1473,139 1464,147 1406,136 1377,140 1347,159 1337,155 1324,167 1294,148 1285,155 1269,151 1257,163 1241,147 1185,163 1167,151 1122,140 1097,140 1073,152 1042,143 1019,151 978,147 928,183 902,179 843,144 794,155 771,148 744,156 728,151 711,163 691,156 681,163 654,159 610,190 585,178 572,183 558,172 523,186 504,174 491,170 477,177 463,167 445,179 423,163 409,167 394,155 375,160 359,152 310,183 288,183 275,171 246,170 234,179 210,175 202,183 188,178"/>
            </Shape>
            <String ID="line_7ff4764c-4789-483a-8d3e-b691931def42-dummy-Word" HEIGHT="147" WIDTH="1806" HPOS="188" VPOS="43" CONTENT="der Schouwburg door Hieronymus en de nabyheid van het slot gebouwd,">
              <Shape>
                <Polygon POINTS="188,76 229,83 238,92 297,93 327,81 341,93 366,73 387,69 402,81 417,80 453,58 474,61 497,77 541,61 571,61 586,69 601,57 663,88 699,76 732,92 741,84 772,84 817,60 841,60 862,76 879,76 929,53 982,53 999,69 1017,69 1028,60 1064,64 1093,84 1109,75 1145,85 1170,68 1189,65 1200,76 1231,73 1245,85 1317,53 1337,61 1358,53 1378,64 1402,57 1418,69 1435,55 1453,73 1501,85 1541,57 1570,64 1608,43 1623,45 1672,81 1694,61 1716,64 1739,52 1771,72 1786,64 1809,65 1828,49 1842,49 1879,68 1891,61 1907,77 1969,85 1980,96 1994,89 1994,132 1944,144 1929,159 1904,135 1883,132 1870,139 1834,132 1811,136 1781,157 1757,136 1721,143 1708,155 1696,144 1640,155 1625,141 1593,151 1578,136 1534,147 1513,136 1505,143 1473,139 1464,147 1406,136 1377,140 1347,159 1337,155 1324,167 1294,148 1285,155 1269,151 1257,163 1241,147 1185,163 1167,151 1122,140 1097,140 1073,152 1042,143 1019,151 978,147 928,183 902,179 843,144 794,155 771,148 744,156 728,151 711,163 691,156 681,163 654,159 610,190 585,178 572,183 558,172 523,186 504,174 491,170 477,177 463,167 445,179 423,163 409,167 394,155 375,160 359,152 310,183 288,183 275,171 246,170 234,179 210,175 202,183 188,178"/>
              </Shape>
            </String>
          </TextLine>
          <TextLine ID="a3259883-ec13-415e-8f7d-7a0542e1a6c9" HEIGHT="137" WIDTH="1830" HPOS="190" VPOS="132" STYLEREFS="textstyle-None---sans-serif---proportional---None---None---None">
            <Shape>
              <Polygon POINTS="190,182 212,175 234,179 256,159 284,182 309,183 359,151 390,175 408,179 429,179 437,171 456,182 467,171 476,178 494,170 523,186 560,171 573,183 594,174 611,190 658,151 679,162 707,151 715,159 727,151 761,159 774,150 843,144 863,163 877,159 892,174 927,185 976,147 1020,151 1032,140 1064,151 1095,140 1141,143 1191,163 1210,148 1215,153 1243,147 1254,157 1265,147 1280,155 1296,147 1319,167 1337,155 1356,163 1381,139 1406,136 1437,143 1447,138 1463,148 1473,139 1494,139 1505,150 1513,143 1534,147 1579,136 1595,151 1626,140 1641,151 1658,151 1685,136 1706,155 1721,143 1757,136 1782,157 1799,147 1811,154 1821,147 1846,151 1885,132 1902,135 1926,159 1945,143 1955,140 1962,147 1971,139 2000,155 2020,155 2020,200 2014,206 2005,199 1955,199 1948,206 1939,199 1864,199 1858,205 1831,199 1814,211 1792,202 1775,219 1763,219 1720,199 1697,219 1671,223 1650,211 1619,218 1593,203 1574,215 1560,214 1540,230 1508,222 1495,210 1447,213 1414,203 1390,222 1371,210 1317,214 1309,207 1275,219 1251,207 1229,223 1200,218 1191,209 1181,214 1174,207 1135,207 1124,215 1104,207 1091,220 1073,214 1058,223 1033,214 1012,231 1000,226 957,246 940,235 931,242 876,243 848,222 829,235 804,234 791,247 759,247 733,224 670,238 632,217 623,222 600,215 534,215 507,239 484,246 452,246 417,219 396,227 367,222 300,269 244,225 190,223"/>
            </Shape>
            <String ID="a3259883-ec13-415e-8f7d-7a0542e1a6c9-dummy-Word" HEIGHT="137" WIDTH="1830" HPOS="190" VPOS="132" CONTENT="cent Chinees gebouw geheel van Glas van verschillende kleuren het was zeer">
              <Shape>
                <Polygon POINTS="190,182 212,175 234,179 256,159 284,182 309,183 359,151 390,175 408,179 429,179 437,171 456,182 467,171 476,178 494,170 523,186 560,171 573,183 594,174 611,190 658,151 679,162 707,151 715,159 727,151 761,159 774,150 843,144 863,163 877,159 892,174 927,185 976,147 1020,151 1032,140 1064,151 1095,140 1141,143 1191,163 1210,148 1215,153 1243,147 1254,157 1265,147 1280,155 1296,147 1319,167 1337,155 1356,163 1381,139 1406,136 1437,143 1447,138 1463,148 1473,139 1494,139 1505,150 1513,143 1534,147 1579,136 1595,151 1626,140 1641,151 1658,151 1685,136 1706,155 1721,143 1757,136 1782,157 1799,147 1811,154 1821,147 1846,151 1885,132 1902,135 1926,159 1945,143 1955,140 1962,147 1971,139 2000,155 2020,155 2020,200 2014,206 2005,199 1955,199 1948,206 1939,199 1864,199 1858,205 1831,199 1814,211 1792,202 1775,219 1763,219 1720,199 1697,219 1671,223 1650,211 1619,218 1593,203 1574,215 1560,214 1540,230 1508,222 1495,210 1447,213 1414,203 1390,222 1371,210 1317,214 1309,207 1275,219 1251,207 1229,223 1200,218 1191,209 1181,214 1174,207 1135,207 1124,215 1104,207 1091,220 1073,214 1058,223 1033,214 1012,231 1000,226 957,246 940,235 931,242 876,243 848,222 829,235 804,234 791,247 759,247 733,224 670,238 632,217 623,222 600,215 534,215 507,239 484,246 452,246 417,219 396,227 367,222 300,269 244,225 190,223"/>
              </Shape>
            </String>
          </TextLine>
          <TextLine ID="line_2c61fc54-d0aa-458d-919b-d1765d4efad3" HEIGHT="136" WIDTH="1844" HPOS="183" VPOS="198" STYLEREFS="textstyle-None---sans-serif---proportional---None---None---None">
            <Shape>
              <Polygon POINTS="183,228 200,220 240,225 260,245 276,246 305,269 366,221 409,221 418,230 448,233 460,245 484,246 492,238 505,241 533,214 585,214 592,221 631,215 667,238 688,222 708,229 727,218 748,237 770,238 785,249 892,237 940,237 958,245 981,234 1009,206 1026,206 1058,222 1076,210 1095,214 1104,206 1123,214 1137,206 1173,206 1226,230 1249,229 1270,214 1286,217 1302,206 1327,206 1334,213 1346,206 1379,230 1405,205 1421,202 1452,217 1474,206 1485,214 1495,209 1508,221 1538,230 1559,214 1592,205 1628,218 1662,202 1682,208 1719,202 1726,209 1743,202 1758,217 1775,218 1791,202 1816,217 1835,198 1855,205 1864,198 1873,204 1879,198 1924,198 1932,206 1942,198 1982,198 1994,205 2002,198 2027,218 2027,262 2002,287 1982,279 1945,287 1931,299 1907,295 1863,271 1852,276 1842,268 1818,284 1786,268 1718,268 1676,287 1666,284 1645,299 1613,291 1578,297 1568,288 1557,291 1538,272 1515,287 1491,272 1468,280 1457,272 1426,279 1389,272 1382,278 1354,276 1338,287 1322,279 1291,296 1263,276 1221,276 1208,284 1186,284 1176,276 1164,287 1147,279 1137,285 1128,276 1079,301 1058,284 1035,296 1019,288 961,318 931,303 904,310 869,287 834,307 808,285 795,295 764,295 745,311 724,315 689,292 667,287 656,296 646,291 632,303 604,291 576,300 568,296 542,314 517,292 492,304 471,292 443,299 428,292 389,303 373,318 365,311 332,314 324,307 286,334 265,334 226,307 209,319 183,319"/>
            </Shape>
            <String ID="line_2c61fc54-d0aa-458d-919b-d1765d4efad3-dummy-Word" HEIGHT="136" WIDTH="1844" HPOS="183" VPOS="198" CONTENT="lang, had weleer tot doorgang gedient van het slot naar de Comedie, doch">
              <Shape>
                <Polygon POINTS="183,228 200,220 240,225 260,245 276,246 305,269 366,221 409,221 418,230 448,233 460,245 484,246 492,238 505,241 533,214 585,214 592,221 631,215 667,238 688,222 708,229 727,218 748,237 770,238 785,249 892,237 940,237 958,245 981,234 1009,206 1026,206 1058,222 1076,210 1095,214 1104,206 1123,214 1137,206 1173,206 1226,230 1249,229 1270,214 1286,217 1302,206 1327,206 1334,213 1346,206 1379,230 1405,205 1421,202 1452,217 1474,206 1485,214 1495,209 1508,221 1538,230 1559,214 1592,205 1628,218 1662,202 1682,208 1719,202 1726,209 1743,202 1758,217 1775,218 1791,202 1816,217 1835,198 1855,205 1864,198 1873,204 1879,198 1924,198 1932,206 1942,198 1982,198 1994,205 2002,198 2027,218 2027,262 2002,287 1982,279 1945,287 1931,299 1907,295 1863,271 1852,276 1842,268 1818,284 1786,268 1718,268 1676,287 1666,284 1645,299 1613,291 1578,297 1568,288 1557,291 1538,272 1515,287 1491,272 1468,280 1457,272 1426,279 1389,272 1382,278 1354,276 1338,287 1322,279 1291,296 1263,276 1221,276 1208,284 1186,284 1176,276 1164,287 1147,279 1137,285 1128,276 1079,301 1058,284 1035,296 1019,288 961,318 931,303 904,310 869,287 834,307 808,285 795,295 764,295 745,311 724,315 689,292 667,287 656,296 646,291 632,303 604,291 576,300 568,296 542,314 517,292 492,304 471,292 443,299 428,292 389,303 373,318 365,311 332,314 324,307 286,334 265,334 226,307 209,319 183,319"/>
              </Shape>
            </String>
          </TextLine>
          <TextLine ID="line_62d75208-feb9-4dde-ab3a-43d9eff8be00" HEIGHT="142" WIDTH="1854" HPOS="183" VPOS="264" STYLEREFS="textstyle-None---sans-serif---proportional---None---None---None">
            <Shape>
              <Polygon POINTS="183,339 225,307 265,334 286,334 297,325 324,323 339,310 373,318 391,302 419,299 428,291 443,298 471,291 493,304 517,291 542,314 569,295 577,299 605,290 632,303 646,291 657,295 677,287 720,314 750,307 766,314 792,303 820,320 864,287 883,291 905,310 930,303 963,318 1002,291 1020,288 1034,295 1061,280 1086,294 1112,280 1168,287 1180,279 1196,287 1224,276 1246,283 1265,276 1292,295 1309,283 1349,276 1416,294 1436,283 1452,291 1471,281 1506,295 1536,272 1558,291 1586,275 1636,307 1661,287 1677,287 1704,271 1761,275 1774,268 1811,289 1840,271 1852,275 1877,264 1915,289 1930,275 1954,287 1980,279 2008,283 2024,299 2037,289 2037,333 2026,343 2004,333 1986,335 1965,350 1914,343 1890,359 1862,359 1846,375 1819,374 1812,367 1789,374 1762,364 1756,370 1745,359 1726,362 1699,351 1676,367 1630,340 1607,351 1581,340 1571,346 1560,340 1551,349 1540,341 1515,340 1503,350 1488,340 1472,351 1443,343 1419,359 1379,355 1364,366 1340,358 1320,374 1312,371 1283,386 1261,371 1225,363 1200,378 1169,347 1155,359 1123,351 1097,375 1048,367 1033,382 1011,382 980,358 961,354 927,384 904,373 891,375 857,355 836,375 803,367 786,374 770,362 751,366 744,359 719,373 684,358 654,359 606,383 539,359 504,378 492,375 452,406 431,397 407,398 392,386 360,406 349,395 341,401 317,377 279,405 233,378 183,391"/>
            </Shape>
            <String ID="line_62d75208-feb9-4dde-ab3a-43d9eff8be00-dummy-Word" HEIGHT="142" WIDTH="1854" HPOS="183" VPOS="264" CONTENT="was nu by het Chinesche dorp Mu-lang geplaatst: in de diergaarde">
              <Shape>
                <Polygon POINTS="183,339 225,307 265,334 286,334 297,325 324,323 339,310 373,318 391,302 419,299 428,291 443,298 471,291 493,304 517,291 542,314 569,295 577,299 605,290 632,303 646,291 657,295 677,287 720,314 750,307 766,314 792,303 820,320 864,287 883,291 905,310 930,303 963,318 1002,291 1020,288 1034,295 1061,280 1086,294 1112,280 1168,287 1180,279 1196,287 1224,276 1246,283 1265,276 1292,295 1309,283 1349,276 1416,294 1436,283 1452,291 1471,281 1506,295 1536,272 1558,291 1586,275 1636,307 1661,287 1677,287 1704,271 1761,275 1774,268 1811,289 1840,271 1852,275 1877,264 1915,289 1930,275 1954,287 1980,279 2008,283 2024,299 2037,289 2037,333 2026,343 2004,333 1986,335 1965,350 1914,343 1890,359 1862,359 1846,375 1819,374 1812,367 1789,374 1762,364 1756,370 1745,359 1726,362 1699,351 1676,367 1630,340 1607,351 1581,340 1571,346 1560,340 1551,349 1540,341 1515,340 1503,350 1488,340 1472,351 1443,343 1419,359 1379,355 1364,366 1340,358 1320,374 1312,371 1283,386 1261,371 1225,363 1200,378 1169,347 1155,359 1123,351 1097,375 1048,367 1033,382 1011,382 980,358 961,354 927,384 904,373 891,375 857,355 836,375 803,367 786,374 770,362 751,366 744,359 719,373 684,358 654,359 606,383 539,359 504,378 492,375 452,406 431,397 407,398 392,386 360,406 349,395 341,401 317,377 279,405 233,378 183,391"/>
              </Shape>
            </String>
          </TextLine>
          <TextLine ID="cc4c3c63-a988-47da-bab3-ee8c11d87caa" HEIGHT="139" WIDTH="1852" HPOS="176" VPOS="339" STYLEREFS="textstyle-None---sans-serif---proportional---None---None---None">
            <Shape>
              <Polygon POINTS="176,398 222,378 267,382 291,367 359,406 390,386 417,402 429,398 452,406 489,375 505,379 540,359 564,374 593,374 605,383 640,362 660,360 682,375 693,366 741,359 788,372 835,351 925,381 960,354 1085,375 1120,348 1155,359 1169,347 1200,378 1233,366 1248,378 1263,374 1277,386 1304,382 1340,358 1364,366 1412,351 1421,358 1445,342 1475,351 1487,339 1503,350 1514,339 1551,348 1560,339 1570,345 1606,339 1680,363 1699,350 1719,366 1736,359 1751,363 1787,346 1833,378 1858,371 1874,355 1895,358 1919,342 1935,350 1994,350 2005,343 2028,356 2028,399 1966,438 1944,438 1931,425 1857,434 1814,419 1802,422 1769,406 1746,420 1725,411 1697,426 1656,410 1633,430 1611,423 1581,438 1540,412 1507,426 1493,422 1485,430 1441,413 1368,411 1352,423 1310,414 1299,422 1275,419 1255,434 1212,443 1181,422 1166,427 1156,420 1133,423 1098,445 1080,434 1071,441 1055,427 1021,454 1008,455 984,435 965,446 948,434 925,438 910,423 829,423 822,430 809,423 766,455 731,430 717,438 685,438 677,430 660,439 639,435 615,449 578,435 537,439 502,431 472,450 454,450 422,469 414,466 402,478 386,477 354,446 334,462 306,453 243,462 211,442 176,450"/>
            </Shape>
            <String ID="cc4c3c63-a988-47da-bab3-ee8c11d87caa-dummy-Word" HEIGHT="139" WIDTH="1852" HPOS="176" VPOS="339" CONTENT="vonden wy slechts eenige harten en Rhéëen die zeer schuw waren, eenige">
              <Shape>
                <Polygon POINTS="176,398 222,378 267,382 291,367 359,406 390,386 417,402 429,398 452,406 489,375 505,379 540,359 564,374 593,374 605,383 640,362 660,360 682,375 693,366 741,359 788,372 835,351 925,381 960,354 1085,375 1120,348 1155,359 1169,347 1200,378 1233,366 1248,378 1263,374 1277,386 1304,382 1340,358 1364,366 1412,351 1421,358 1445,342 1475,351 1487,339 1503,350 1514,339 1551,348 1560,339 1570,345 1606,339 1680,363 1699,350 1719,366 1736,359 1751,363 1787,346 1833,378 1858,371 1874,355 1895,358 1919,342 1935,350 1994,350 2005,343 2028,356 2028,399 1966,438 1944,438 1931,425 1857,434 1814,419 1802,422 1769,406 1746,420 1725,411 1697,426 1656,410 1633,430 1611,423 1581,438 1540,412 1507,426 1493,422 1485,430 1441,413 1368,411 1352,423 1310,414 1299,422 1275,419 1255,434 1212,443 1181,422 1166,427 1156,420 1133,423 1098,445 1080,434 1071,441 1055,427 1021,454 1008,455 984,435 965,446 948,434 925,438 910,423 829,423 822,430 809,423 766,455 731,430 717,438 685,438 677,430 660,439 639,435 615,449 578,435 537,439 502,431 472,450 454,450 422,469 414,466 402,478 386,477 354,446 334,462 306,453 243,462 211,442 176,450"/>
              </Shape>
            </String>
          </TextLine>
          <TextLine ID="line_051fc56a-d244-429a-9b19-b29537c8084a" HEIGHT="128" WIDTH="1802" HPOS="182" VPOS="404" STYLEREFS="textstyle-None---sans-serif---proportional---None---None---None">
            <Shape>
              <Polygon POINTS="182,452 217,437 252,464 265,455 288,460 300,451 327,463 355,447 388,479 399,479 451,448 469,451 512,432 523,439 588,436 599,447 618,448 630,436 661,439 676,428 692,436 704,424 725,424 752,451 774,458 828,424 862,423 870,431 881,420 906,420 924,435 957,436 968,444 1019,427 1035,431 1057,416 1078,431 1098,420 1118,435 1157,420 1163,426 1181,423 1208,447 1264,424 1275,430 1287,419 1311,424 1333,412 1414,408 1425,416 1463,416 1505,439 1521,436 1539,452 1610,423 1634,430 1665,412 1685,427 1721,412 1732,415 1743,404 1774,404 1805,422 1857,432 1879,421 1949,443 1984,428 1984,472 1975,481 1963,478 1928,505 1902,508 1826,489 1786,517 1777,509 1728,513 1697,490 1672,494 1649,509 1603,485 1577,497 1564,490 1546,507 1515,482 1493,494 1473,494 1458,509 1425,485 1410,494 1376,485 1357,494 1325,486 1306,505 1279,490 1266,498 1258,491 1248,501 1224,498 1217,505 1181,486 1157,486 1149,494 1091,498 1064,524 1028,520 1011,532 987,509 919,517 903,501 884,513 863,501 837,501 817,517 775,521 768,528 759,521 743,524 719,502 705,501 687,502 669,517 651,513 637,524 592,505 541,517 528,505 512,509 481,498 447,502 424,520 417,513 392,513 372,525 352,509 324,513 300,528 245,509 225,509 204,527 182,516"/>
            </Shape>
            <String ID="line_051fc56a-d244-429a-9b19-b29537c8084a-dummy-Word" HEIGHT="128" WIDTH="1802" HPOS="182" VPOS="404" CONTENT="faisanten en andere dienen. Ik zwyg van al het overige dat wij nog">
              <Shape>
                <Polygon POINTS="182,452 217,437 252,464 265,455 288,460 300,451 327,463 355,447 388,479 399,479 451,448 469,451 512,432 523,439 588,436 599,447 618,448 630,436 661,439 676,428 692,436 704,424 725,424 752,451 774,458 828,424 862,423 870,431 881,420 906,420 924,435 957,436 968,444 1019,427 1035,431 1057,416 1078,431 1098,420 1118,435 1157,420 1163,426 1181,423 1208,447 1264,424 1275,430 1287,419 1311,424 1333,412 1414,408 1425,416 1463,416 1505,439 1521,436 1539,452 1610,423 1634,430 1665,412 1685,427 1721,412 1732,415 1743,404 1774,404 1805,422 1857,432 1879,421 1949,443 1984,428 1984,472 1975,481 1963,478 1928,505 1902,508 1826,489 1786,517 1777,509 1728,513 1697,490 1672,494 1649,509 1603,485 1577,497 1564,490 1546,507 1515,482 1493,494 1473,494 1458,509 1425,485 1410,494 1376,485 1357,494 1325,486 1306,505 1279,490 1266,498 1258,491 1248,501 1224,498 1217,505 1181,486 1157,486 1149,494 1091,498 1064,524 1028,520 1011,532 987,509 919,517 903,501 884,513 863,501 837,501 817,517 775,521 768,528 759,521 743,524 719,502 705,501 687,502 669,517 651,513 637,524 592,505 541,517 528,505 512,509 481,498 447,502 424,520 417,513 392,513 372,525 352,509 324,513 300,528 245,509 225,509 204,527 182,516"/>
              </Shape>
            </String>
          </TextLine>
          <TextLine ID="line_165ca5a1-2e4d-44f1-8922-88343a371664" HEIGHT="127" WIDTH="1830" HPOS="186" VPOS="476" STYLEREFS="textstyle-None---sans-serif---proportional---None---None---None">
            <Shape>
              <Polygon POINTS="186,526 204,528 224,511 235,518 242,511 264,514 281,525 307,510 315,518 357,511 370,523 401,510 425,518 448,499 498,499 513,514 527,503 543,516 577,514 591,503 607,518 628,519 644,510 667,524 700,499 707,506 719,502 748,524 759,518 772,527 794,515 818,515 840,499 864,499 883,514 904,498 936,515 987,510 1012,531 1027,519 1055,518 1063,526 1103,491 1140,491 1169,499 1187,514 1208,515 1243,495 1266,499 1274,491 1290,491 1311,506 1333,495 1358,495 1369,484 1406,495 1427,487 1463,500 1505,494 1513,486 1546,507 1564,491 1577,498 1617,476 1637,484 1660,476 1693,488 1699,483 1743,515 1759,507 1789,514 1831,489 1912,510 1963,479 1991,483 2016,497 2016,540 1972,569 1945,552 1923,554 1902,546 1869,566 1855,570 1842,564 1822,578 1800,567 1783,574 1750,549 1694,544 1679,552 1601,551 1581,567 1539,550 1503,568 1458,563 1435,583 1385,552 1351,552 1339,559 1319,555 1311,563 1290,555 1282,563 1242,563 1230,571 1206,555 1175,578 1163,568 1143,583 1117,570 1094,575 1043,562 1023,566 998,559 977,570 965,562 949,570 939,563 884,598 865,590 855,599 839,590 830,599 818,598 784,574 740,586 728,574 707,570 683,590 665,586 652,596 610,564 600,574 587,571 545,590 527,572 484,567 452,586 412,586 381,603 372,595 352,598 325,571 292,590 272,590 257,575 244,585 216,575 186,586"/>
            </Shape>
            <String ID="line_165ca5a1-2e4d-44f1-8922-88343a371664-dummy-Word" HEIGHT="127" WIDTH="1830" HPOS="186" VPOS="476" CONTENT="hier dagen, uit vrees van en geduld te veel te vergen, als daar zyn het">
              <Shape>
                <Polygon POINTS="186,526 204,528 224,511 235,518 242,511 264,514 281,525 307,510 315,518 357,511 370,523 401,510 425,518 448,499 498,499 513,514 527,503 543,516 577,514 591,503 607,518 628,519 644,510 667,524 700,499 707,506 719,502 748,524 759,518 772,527 794,515 818,515 840,499 864,499 883,514 904,498 936,515 987,510 1012,531 1027,519 1055,518 1063,526 1103,491 1140,491 1169,499 1187,514 1208,515 1243,495 1266,499 1274,491 1290,491 1311,506 1333,495 1358,495 1369,484 1406,495 1427,487 1463,500 1505,494 1513,486 1546,507 1564,491 1577,498 1617,476 1637,484 1660,476 1693,488 1699,483 1743,515 1759,507 1789,514 1831,489 1912,510 1963,479 1991,483 2016,497 2016,540 1972,569 1945,552 1923,554 1902,546 1869,566 1855,570 1842,564 1822,578 1800,567 1783,574 1750,549 1694,544 1679,552 1601,551 1581,567 1539,550 1503,568 1458,563 1435,583 1385,552 1351,552 1339,559 1319,555 1311,563 1290,555 1282,563 1242,563 1230,571 1206,555 1175,578 1163,568 1143,583 1117,570 1094,575 1043,562 1023,566 998,559 977,570 965,562 949,570 939,563 884,598 865,590 855,599 839,590 830,599 818,598 784,574 740,586 728,574 707,570 683,590 665,586 652,596 610,564 600,574 587,571 545,590 527,572 484,567 452,586 412,586 381,603 372,595 352,598 325,571 292,590 272,590 257,575 244,585 216,575 186,586"/>
              </Shape>
            </String>
          </TextLine>
          <TextLine ID="line_872cf943-e0b7-43b2-875f-f968773e6e4d" HEIGHT="136" WIDTH="1785" HPOS="192" VPOS="544" STYLEREFS="textstyle-None---sans-serif---proportional---None---None---None">
            <Shape>
              <Polygon POINTS="192,572 255,576 273,588 301,584 321,572 354,599 370,595 380,603 414,584 431,588 450,574 473,575 484,584 525,575 548,588 575,564 590,572 610,564 637,586 656,579 669,588 686,587 704,571 741,572 753,580 782,572 829,600 837,592 845,599 863,591 885,596 940,564 977,568 1019,560 1033,567 1048,563 1056,571 1078,556 1094,563 1120,556 1144,580 1164,571 1178,579 1202,556 1224,571 1248,571 1311,552 1328,559 1389,552 1424,582 1435,575 1443,579 1458,564 1474,571 1496,567 1507,577 1533,552 1561,552 1580,568 1620,548 1648,546 1679,555 1694,544 1706,551 1713,544 1753,548 1777,571 1803,567 1815,579 1856,560 1886,560 1903,544 1944,553 1964,571 1977,564 1977,607 1947,629 1892,607 1873,621 1830,614 1808,626 1785,614 1750,614 1734,629 1704,615 1695,621 1684,615 1668,626 1656,618 1635,637 1606,614 1557,614 1520,626 1501,618 1443,653 1400,626 1380,629 1372,622 1353,622 1336,637 1326,633 1310,645 1285,637 1257,653 1230,648 1216,637 1191,653 1129,652 1122,645 1100,653 1050,626 1003,645 968,633 932,649 913,637 899,645 888,634 867,633 857,641 845,630 805,630 760,648 726,630 710,637 658,637 628,657 604,655 585,644 568,649 543,637 523,656 514,653 495,668 457,634 392,649 365,648 354,637 334,634 319,638 290,664 258,649 225,676 203,680 192,672"/>
            </Shape>
            <String ID="line_872cf943-e0b7-43b2-875f-f968773e6e4d-dummy-Word" HEIGHT="136" WIDTH="1785" HPOS="192" VPOS="544" CONTENT="graf van Virgilius, de tempel van Apollo, de rempel van Mercurius,">
              <Shape>
                <Polygon POINTS="192,572 255,576 273,588 301,584 321,572 354,599 370,595 380,603 414,584 431,588 450,574 473,575 484,584 525,575 548,588 575,564 590,572 610,564 637,586 656,579 669,588 686,587 704,571 741,572 753,580 782,572 829,600 837,592 845,599 863,591 885,596 940,564 977,568 1019,560 1033,567 1048,563 1056,571 1078,556 1094,563 1120,556 1144,580 1164,571 1178,579 1202,556 1224,571 1248,571 1311,552 1328,559 1389,552 1424,582 1435,575 1443,579 1458,564 1474,571 1496,567 1507,577 1533,552 1561,552 1580,568 1620,548 1648,546 1679,555 1694,544 1706,551 1713,544 1753,548 1777,571 1803,567 1815,579 1856,560 1886,560 1903,544 1944,553 1964,571 1977,564 1977,607 1947,629 1892,607 1873,621 1830,614 1808,626 1785,614 1750,614 1734,629 1704,615 1695,621 1684,615 1668,626 1656,618 1635,637 1606,614 1557,614 1520,626 1501,618 1443,653 1400,626 1380,629 1372,622 1353,622 1336,637 1326,633 1310,645 1285,637 1257,653 1230,648 1216,637 1191,653 1129,652 1122,645 1100,653 1050,626 1003,645 968,633 932,649 913,637 899,645 888,634 867,633 857,641 845,630 805,630 760,648 726,630 710,637 658,637 628,657 604,655 585,644 568,649 543,637 523,656 514,653 495,668 457,634 392,649 365,648 354,637 334,634 319,638 290,664 258,649 225,676 203,680 192,672"/>
              </Shape>
            </String>
          </TextLine>
          <TextLine ID="line_3dea00f6-cd9d-4d1f-9d5c-238ae285e2e1" HEIGHT="128" WIDTH="1790" HPOS="198" VPOS="609" STYLEREFS="textstyle-None---sans-serif---proportional---None---None---None">
            <Shape>
              <Polygon POINTS="198,676 220,677 259,648 287,665 319,637 336,633 372,652 456,633 499,665 511,653 544,649 567,661 599,661 611,651 629,656 680,630 743,653 795,630 824,629 843,648 866,632 874,639 890,633 939,645 971,631 999,645 1049,625 1076,633 1096,652 1122,646 1159,654 1165,648 1190,653 1208,636 1230,648 1258,638 1268,645 1303,629 1334,636 1351,621 1381,629 1399,625 1439,652 1459,646 1482,625 1514,629 1527,619 1553,625 1568,640 1576,633 1594,640 1617,625 1644,629 1654,620 1667,625 1687,616 1698,625 1714,620 1727,629 1747,616 1763,620 1782,612 1811,632 1822,628 1832,636 1858,621 1874,621 1886,609 1920,613 1942,628 1988,628 1988,672 1979,663 1932,690 1907,672 1889,686 1866,679 1839,695 1815,686 1782,700 1762,690 1744,702 1721,699 1713,705 1687,695 1638,726 1613,710 1569,714 1535,688 1513,698 1495,694 1486,703 1455,694 1403,718 1359,690 1270,691 1249,706 1213,716 1183,694 1126,703 1087,702 1059,692 1041,702 1024,695 966,695 904,718 867,702 828,710 814,702 777,702 766,695 735,702 727,695 707,710 687,707 678,715 662,702 638,702 611,718 584,706 568,710 541,733 516,710 492,710 464,730 452,726 434,737 383,703 344,703 330,713 314,710 300,717 293,711 283,718 260,715 252,723 198,718"/>
            </Shape>
            <String ID="line_3dea00f6-cd9d-4d1f-9d5c-238ae285e2e1-dummy-Word" HEIGHT="128" WIDTH="1790" HPOS="198" VPOS="609" CONTENT="de Felseneck de grot van Pluto, de Elisesche velden, de menigte Hemel en">
              <Shape>
                <Polygon POINTS="198,676 220,677 259,648 287,665 319,637 336,633 372,652 456,633 499,665 511,653 544,649 567,661 599,661 611,651 629,656 680,630 743,653 795,630 824,629 843,648 866,632 874,639 890,633 939,645 971,631 999,645 1049,625 1076,633 1096,652 1122,646 1159,654 1165,648 1190,653 1208,636 1230,648 1258,638 1268,645 1303,629 1334,636 1351,621 1381,629 1399,625 1439,652 1459,646 1482,625 1514,629 1527,619 1553,625 1568,640 1576,633 1594,640 1617,625 1644,629 1654,620 1667,625 1687,616 1698,625 1714,620 1727,629 1747,616 1763,620 1782,612 1811,632 1822,628 1832,636 1858,621 1874,621 1886,609 1920,613 1942,628 1988,628 1988,672 1979,663 1932,690 1907,672 1889,686 1866,679 1839,695 1815,686 1782,700 1762,690 1744,702 1721,699 1713,705 1687,695 1638,726 1613,710 1569,714 1535,688 1513,698 1495,694 1486,703 1455,694 1403,718 1359,690 1270,691 1249,706 1213,716 1183,694 1126,703 1087,702 1059,692 1041,702 1024,695 966,695 904,718 867,702 828,710 814,702 777,702 766,695 735,702 727,695 707,710 687,707 678,715 662,702 638,702 611,718 584,706 568,710 541,733 516,710 492,710 464,730 452,726 434,737 383,703 344,703 330,713 314,710 300,717 293,711 283,718 260,715 252,723 198,718"/>
              </Shape>
            </String>
          </TextLine>
          <TextLine ID="ae3270dc-420f-4d54-b1da-1171d52adafe" HEIGHT="106" WIDTH="1294" HPOS="186" VPOS="691" STYLEREFS="textstyle-None---sans-serif---proportional---None---None---None">
            <Shape>
              <Polygon POINTS="186,725 227,716 256,725 288,712 329,713 338,705 357,709 381,701 428,736 448,725 462,732 490,709 511,705 544,732 569,709 596,720 619,716 637,701 654,701 678,716 723,697 755,709 774,701 812,701 826,708 867,701 907,717 965,694 1024,694 1034,701 1051,694 1103,702 1115,697 1137,709 1150,697 1169,701 1180,693 1212,716 1219,709 1245,708 1266,693 1301,693 1319,701 1346,691 1391,711 1430,709 1453,697 1480,710 1480,755 1470,765 1459,761 1435,781 1410,781 1389,769 1369,784 1345,765 1295,758 1265,777 1239,762 1219,778 1171,758 1111,781 1067,761 969,761 956,772 931,762 888,772 869,769 831,791 821,781 784,773 768,789 750,788 739,797 691,788 665,765 639,766 609,788 586,784 566,792 546,781 505,793 460,784 426,789 417,781 406,790 391,789 371,773 351,773 334,789 315,792 296,773 281,788 264,784 249,769 216,773 206,783 186,773"/>
            </Shape>
            <String ID="ae3270dc-420f-4d54-b1da-1171d52adafe-dummy-Word" HEIGHT="106" WIDTH="1294" HPOS="186" VPOS="691" CONTENT="aardGoden en Godinnen en duizend andere dingen.">
              <Shape>
                <Polygon POINTS="186,725 227,716 256,725 288,712 329,713 338,705 357,709 381,701 428,736 448,725 462,732 490,709 511,705 544,732 569,709 596,720 619,716 637,701 654,701 678,716 723,697 755,709 774,701 812,701 826,708 867,701 907,717 965,694 1024,694 1034,701 1051,694 1103,702 1115,697 1137,709 1150,697 1169,701 1180,693 1212,716 1219,709 1245,708 1266,693 1301,693 1319,701 1346,691 1391,711 1430,709 1453,697 1480,710 1480,755 1470,765 1459,761 1435,781 1410,781 1389,769 1369,784 1345,765 1295,758 1265,777 1239,762 1219,778 1171,758 1111,781 1067,761 969,761 956,772 931,762 888,772 869,769 831,791 821,781 784,773 768,789 750,788 739,797 691,788 665,765 639,766 609,788 586,784 566,792 546,781 505,793 460,784 426,789 417,781 406,790 391,789 371,773 351,773 334,789 315,792 296,773 281,788 264,784 249,769 216,773 206,783 186,773"/>
              </Shape>
            </String>
          </TextLine>
          <TextLine ID="line_2971f361-dc7e-4577-b50b-4267be0810e8" HEIGHT="139" WIDTH="1815" HPOS="187" VPOS="724" STYLEREFS="textstyle-None---sans-serif---proportional---None---None---None">
            <Shape>
              <Polygon POINTS="187,779 274,772 287,784 298,776 318,791 367,772 383,788 409,792 457,783 504,793 521,792 538,780 552,788 607,788 636,769 648,776 669,766 691,788 733,792 748,785 767,788 784,772 834,788 862,760 874,760 895,780 928,760 936,768 945,764 966,772 987,757 1029,757 1039,764 1068,760 1100,780 1117,780 1177,756 1206,776 1223,776 1241,763 1265,776 1290,760 1328,760 1366,784 1389,768 1407,780 1434,783 1460,776 1491,752 1520,746 1539,756 1566,756 1578,748 1595,756 1609,752 1638,772 1735,724 1759,736 1773,724 1806,724 1863,764 1881,764 1899,748 1929,755 1939,749 1982,764 1992,760 2002,770 2002,814 1975,823 1966,815 1951,827 1933,819 1901,836 1891,831 1873,839 1838,820 1784,823 1745,847 1680,816 1649,834 1609,827 1584,851 1556,832 1519,840 1502,828 1483,835 1457,823 1389,843 1335,820 1319,830 1311,823 1264,838 1233,831 1225,837 1201,827 1167,840 1134,824 1097,824 1077,844 1048,844 1025,863 1006,845 990,840 977,851 958,836 948,843 922,828 898,837 865,835 848,852 826,852 801,835 773,856 740,835 727,836 711,851 658,851 644,859 617,847 592,859 573,843 557,849 536,840 528,847 500,843 485,852 467,851 445,836 429,836 415,848 390,836 348,836 329,847 316,844 297,863 283,851 245,859 217,844 187,855"/>
            </Shape>
            <String ID="line_2971f361-dc7e-4577-b50b-4267be0810e8-dummy-Word" HEIGHT="139" WIDTH="1815" HPOS="187" VPOS="724" CONTENT="En hiermede willen wy gansch Wilkelihöke dan maar voor ge-">
              <Shape>
                <Polygon POINTS="187,779 274,772 287,784 298,776 318,791 367,772 383,788 409,792 457,783 504,793 521,792 538,780 552,788 607,788 636,769 648,776 669,766 691,788 733,792 748,785 767,788 784,772 834,788 862,760 874,760 895,780 928,760 936,768 945,764 966,772 987,757 1029,757 1039,764 1068,760 1100,780 1117,780 1177,756 1206,776 1223,776 1241,763 1265,776 1290,760 1328,760 1366,784 1389,768 1407,780 1434,783 1460,776 1491,752 1520,746 1539,756 1566,756 1578,748 1595,756 1609,752 1638,772 1735,724 1759,736 1773,724 1806,724 1863,764 1881,764 1899,748 1929,755 1939,749 1982,764 1992,760 2002,770 2002,814 1975,823 1966,815 1951,827 1933,819 1901,836 1891,831 1873,839 1838,820 1784,823 1745,847 1680,816 1649,834 1609,827 1584,851 1556,832 1519,840 1502,828 1483,835 1457,823 1389,843 1335,820 1319,830 1311,823 1264,838 1233,831 1225,837 1201,827 1167,840 1134,824 1097,824 1077,844 1048,844 1025,863 1006,845 990,840 977,851 958,836 948,843 922,828 898,837 865,835 848,852 826,852 801,835 773,856 740,835 727,836 711,851 658,851 644,859 617,847 592,859 573,843 557,849 536,840 528,847 500,843 485,852 467,851 445,836 429,836 415,848 390,836 348,836 329,847 316,844 297,863 283,851 245,859 217,844 187,855"/>
              </Shape>
            </String>
          </TextLine>
          <TextLine ID="line_64d01dca-75bb-46c8-8c99-c11f201c80a5" HEIGHT="126" WIDTH="1827" HPOS="180" VPOS="816" STYLEREFS="textstyle-None---sans-serif---proportional---None---None---None">
            <Shape>
              <Polygon POINTS="180,852 233,851 258,859 297,844 321,854 337,840 353,840 364,851 397,844 414,851 435,836 478,855 500,845 526,843 549,851 570,844 600,858 633,839 653,858 660,851 703,855 729,837 766,861 774,856 781,862 810,838 828,855 865,835 922,828 933,839 959,836 979,851 1008,847 1022,859 1041,844 1074,848 1098,824 1110,830 1126,824 1160,843 1186,843 1204,829 1225,839 1262,824 1281,834 1312,820 1336,820 1345,828 1361,820 1390,844 1402,832 1424,836 1441,823 1485,825 1527,843 1543,839 1576,852 1627,828 1654,837 1684,816 1742,847 1782,824 1816,824 1826,817 1840,831 1858,827 1874,839 1890,829 1906,836 1944,823 1961,836 1970,831 1980,839 1990,831 2007,837 2007,880 1976,908 1953,907 1942,918 1899,911 1876,919 1854,900 1821,918 1793,891 1782,895 1771,884 1744,903 1720,903 1701,891 1663,895 1650,884 1610,888 1578,908 1566,907 1550,891 1486,895 1477,903 1435,891 1424,899 1409,895 1393,911 1374,899 1362,903 1320,888 1282,888 1255,903 1242,899 1229,911 1212,908 1202,915 1173,900 1135,903 1106,915 1077,908 1050,931 1029,927 1017,938 979,911 957,905 948,910 927,903 894,915 863,903 828,915 807,900 789,909 780,903 768,915 750,908 716,935 690,927 674,942 665,942 641,919 609,919 583,900 558,904 528,922 513,911 464,915 441,907 419,919 391,912 380,919 362,911 327,911 314,919 263,904 222,911 206,923 180,922"/>
            </Shape>
            <String ID="line_64d01dca-75bb-46c8-8c99-c11f201c80a5-dummy-Word" HEIGHT="126" WIDTH="1827" HPOS="180" VPOS="816" CONTENT="zien houden ok mogt ik door myne Koele en drooge beschryving">
              <Shape>
                <Polygon POINTS="180,852 233,851 258,859 297,844 321,854 337,840 353,840 364,851 397,844 414,851 435,836 478,855 500,845 526,843 549,851 570,844 600,858 633,839 653,858 660,851 703,855 729,837 766,861 774,856 781,862 810,838 828,855 865,835 922,828 933,839 959,836 979,851 1008,847 1022,859 1041,844 1074,848 1098,824 1110,830 1126,824 1160,843 1186,843 1204,829 1225,839 1262,824 1281,834 1312,820 1336,820 1345,828 1361,820 1390,844 1402,832 1424,836 1441,823 1485,825 1527,843 1543,839 1576,852 1627,828 1654,837 1684,816 1742,847 1782,824 1816,824 1826,817 1840,831 1858,827 1874,839 1890,829 1906,836 1944,823 1961,836 1970,831 1980,839 1990,831 2007,837 2007,880 1976,908 1953,907 1942,918 1899,911 1876,919 1854,900 1821,918 1793,891 1782,895 1771,884 1744,903 1720,903 1701,891 1663,895 1650,884 1610,888 1578,908 1566,907 1550,891 1486,895 1477,903 1435,891 1424,899 1409,895 1393,911 1374,899 1362,903 1320,888 1282,888 1255,903 1242,899 1229,911 1212,908 1202,915 1173,900 1135,903 1106,915 1077,908 1050,931 1029,927 1017,938 979,911 957,905 948,910 927,903 894,915 863,903 828,915 807,900 789,909 780,903 768,915 750,908 716,935 690,927 674,942 665,942 641,919 609,919 583,900 558,904 528,922 513,911 464,915 441,907 419,919 391,912 380,919 362,911 327,911 314,919 263,904 222,911 206,923 180,922"/>
              </Shape>
            </String>
          </TextLine>
          <TextLine ID="a0dcbdaf-4fc7-48e5-affb-db622b1cc3da" HEIGHT="126" WIDTH="1806" HPOS="181" VPOS="881" STYLEREFS="textstyle-None---sans-serif---proportional---None---None---None">
            <Shape>
              <Polygon POINTS="181,923 207,924 226,908 241,915 252,904 271,911 303,908 315,920 328,912 366,919 389,912 407,923 449,908 469,916 486,904 524,919 546,917 559,904 578,903 586,911 600,904 623,924 642,920 675,943 723,900 748,911 766,900 788,908 803,900 830,915 843,906 854,911 870,904 898,916 939,896 980,911 1018,939 1029,928 1051,931 1074,908 1106,916 1127,900 1177,900 1198,916 1210,906 1225,916 1246,897 1273,912 1293,911 1305,900 1319,904 1327,896 1355,896 1364,903 1390,896 1423,900 1448,889 1476,900 1551,892 1574,911 1614,886 1648,885 1664,896 1708,892 1722,904 1741,900 1766,881 1784,896 1794,892 1824,916 1850,900 1874,919 1901,913 1942,918 1965,905 1978,915 1987,906 1987,949 1977,953 1944,949 1906,964 1886,952 1858,964 1845,956 1834,964 1825,956 1781,964 1760,949 1721,949 1702,965 1670,957 1654,964 1634,956 1601,988 1568,976 1553,991 1518,966 1486,962 1480,968 1469,960 1427,983 1415,972 1386,972 1371,957 1337,980 1326,976 1302,984 1272,967 1226,991 1199,980 1174,980 1157,992 1115,961 1096,960 1062,980 1010,979 987,964 967,964 941,983 934,976 923,984 910,980 885,999 841,980 796,1007 746,996 692,1006 646,972 635,972 606,999 582,979 562,987 555,980 512,976 492,988 450,976 419,999 393,1007 379,999 370,1003 345,980 292,995 243,983 222,994 209,987 181,1003"/>
            </Shape>
            <String ID="a0dcbdaf-4fc7-48e5-affb-db622b1cc3da-dummy-Word" HEIGHT="126" WIDTH="1806" HPOS="181" VPOS="881" CONTENT="slechts zoo veel op en uitwerken dat gy een volgend zomer deeze">
              <Shape>
                <Polygon POINTS="181,923 207,924 226,908 241,915 252,904 271,911 303,908 315,920 328,912 366,919 389,912 407,923 449,908 469,916 486,904 524,919 546,917 559,904 578,903 586,911 600,904 623,924 642,920 675,943 723,900 748,911 766,900 788,908 803,900 830,915 843,906 854,911 870,904 898,916 939,896 980,911 1018,939 1029,928 1051,931 1074,908 1106,916 1127,900 1177,900 1198,916 1210,906 1225,916 1246,897 1273,912 1293,911 1305,900 1319,904 1327,896 1355,896 1364,903 1390,896 1423,900 1448,889 1476,900 1551,892 1574,911 1614,886 1648,885 1664,896 1708,892 1722,904 1741,900 1766,881 1784,896 1794,892 1824,916 1850,900 1874,919 1901,913 1942,918 1965,905 1978,915 1987,906 1987,949 1977,953 1944,949 1906,964 1886,952 1858,964 1845,956 1834,964 1825,956 1781,964 1760,949 1721,949 1702,965 1670,957 1654,964 1634,956 1601,988 1568,976 1553,991 1518,966 1486,962 1480,968 1469,960 1427,983 1415,972 1386,972 1371,957 1337,980 1326,976 1302,984 1272,967 1226,991 1199,980 1174,980 1157,992 1115,961 1096,960 1062,980 1010,979 987,964 967,964 941,983 934,976 923,984 910,980 885,999 841,980 796,1007 746,996 692,1006 646,972 635,972 606,999 582,979 562,987 555,980 512,976 492,988 450,976 419,999 393,1007 379,999 370,1003 345,980 292,995 243,983 222,994 209,987 181,1003"/>
              </Shape>
            </String>
          </TextLine>
          <TextLine ID="line_1884a040-d9af-429e-9261-0e3d05236c99" HEIGHT="132" WIDTH="1829" HPOS="185" VPOS="950" STYLEREFS="textstyle-None---sans-serif---proportional---None---None---None">
            <Shape>
              <Polygon POINTS="185,984 199,978 206,985 228,974 258,990 294,991 329,977 347,981 370,1001 378,997 393,1005 421,998 432,1005 482,978 493,989 509,982 536,1009 560,1013 604,999 634,971 659,978 694,1006 717,1006 745,997 797,1005 839,985 861,994 878,989 886,997 911,981 1007,973 1027,982 1048,965 1078,969 1086,962 1122,962 1155,990 1195,978 1210,989 1227,989 1277,965 1313,981 1346,981 1370,958 1385,957 1395,957 1437,989 1468,989 1494,973 1537,989 1574,993 1604,986 1634,957 1648,965 1691,958 1702,966 1719,950 1737,950 1771,974 1820,954 1833,961 1845,957 1853,965 1880,950 1892,957 1903,950 1917,957 1938,954 1979,993 2014,970 2014,1013 2009,1007 1976,1019 1967,1012 1900,1027 1889,1016 1877,1017 1843,1032 1829,1020 1818,1024 1810,1017 1774,1027 1765,1020 1737,1039 1725,1036 1708,1051 1688,1036 1640,1047 1588,1020 1563,1043 1552,1035 1533,1039 1517,1027 1498,1036 1477,1031 1465,1037 1443,1024 1389,1028 1378,1039 1364,1032 1351,1043 1334,1035 1310,1036 1254,1067 1242,1059 1230,1062 1207,1044 1154,1055 1145,1047 1134,1052 1114,1044 1085,1054 1053,1039 1003,1070 984,1074 949,1047 919,1036 900,1047 842,1056 825,1051 814,1060 786,1043 777,1051 763,1047 751,1059 726,1047 683,1082 663,1070 641,1074 593,1043 580,1055 544,1047 530,1055 513,1051 487,1074 453,1082 434,1074 368,1075 336,1054 303,1063 291,1054 255,1059 232,1048 203,1071 185,1070"/>
            </Shape>
            <String ID="line_1884a040-d9af-429e-9261-0e3d05236c99-dummy-Word" HEIGHT="132" WIDTH="1829" HPOS="185" VPOS="950" CONTENT="plaats met uwe tegenwoordigheid kwaamt vereeren, wan dan toch">
              <Shape>
                <Polygon POINTS="185,984 199,978 206,985 228,974 258,990 294,991 329,977 347,981 370,1001 378,997 393,1005 421,998 432,1005 482,978 493,989 509,982 536,1009 560,1013 604,999 634,971 659,978 694,1006 717,1006 745,997 797,1005 839,985 861,994 878,989 886,997 911,981 1007,973 1027,982 1048,965 1078,969 1086,962 1122,962 1155,990 1195,978 1210,989 1227,989 1277,965 1313,981 1346,981 1370,958 1385,957 1395,957 1437,989 1468,989 1494,973 1537,989 1574,993 1604,986 1634,957 1648,965 1691,958 1702,966 1719,950 1737,950 1771,974 1820,954 1833,961 1845,957 1853,965 1880,950 1892,957 1903,950 1917,957 1938,954 1979,993 2014,970 2014,1013 2009,1007 1976,1019 1967,1012 1900,1027 1889,1016 1877,1017 1843,1032 1829,1020 1818,1024 1810,1017 1774,1027 1765,1020 1737,1039 1725,1036 1708,1051 1688,1036 1640,1047 1588,1020 1563,1043 1552,1035 1533,1039 1517,1027 1498,1036 1477,1031 1465,1037 1443,1024 1389,1028 1378,1039 1364,1032 1351,1043 1334,1035 1310,1036 1254,1067 1242,1059 1230,1062 1207,1044 1154,1055 1145,1047 1134,1052 1114,1044 1085,1054 1053,1039 1003,1070 984,1074 949,1047 919,1036 900,1047 842,1056 825,1051 814,1060 786,1043 777,1051 763,1047 751,1059 726,1047 683,1082 663,1070 641,1074 593,1043 580,1055 544,1047 530,1055 513,1051 487,1074 453,1082 434,1074 368,1075 336,1054 303,1063 291,1054 255,1059 232,1048 203,1071 185,1070"/>
              </Shape>
            </String>
          </TextLine>
          <TextLine ID="line_251c2078-2a8a-4005-a993-c9521c63e2b8" HEIGHT="127" WIDTH="1829" HPOS="178" VPOS="1016" STYLEREFS="textstyle-None---sans-serif---proportional---None---None---None">
            <Shape>
              <Polygon POINTS="178,1072 200,1072 232,1048 247,1059 283,1054 304,1064 346,1044 355,1052 400,1051 414,1060 431,1055 439,1061 492,1040 518,1055 543,1046 562,1059 571,1055 589,1071 617,1059 642,1071 693,1076 718,1056 739,1063 764,1047 776,1051 806,1042 822,1055 843,1059 877,1051 895,1036 908,1043 929,1036 989,1079 1055,1037 1086,1063 1117,1045 1161,1055 1170,1047 1207,1044 1231,1063 1256,1067 1311,1036 1354,1040 1367,1031 1378,1039 1389,1028 1415,1024 1444,1024 1466,1036 1481,1031 1490,1039 1528,1027 1561,1043 1571,1036 1618,1059 1678,1035 1705,1051 1722,1052 1766,1020 1808,1044 1878,1016 1905,1024 1933,1047 1953,1036 1982,1051 2007,1045 2007,1089 2000,1095 1963,1088 1951,1096 1940,1091 1925,1103 1880,1095 1860,1111 1849,1107 1831,1119 1799,1099 1786,1102 1770,1093 1735,1119 1690,1120 1586,1098 1569,1099 1539,1117 1523,1111 1500,1115 1481,1100 1446,1103 1435,1111 1399,1100 1373,1118 1347,1115 1332,1126 1291,1104 1259,1110 1252,1104 1176,1104 1114,1123 1051,1119 1021,1143 987,1138 975,1127 963,1135 910,1112 863,1112 848,1123 803,1112 776,1135 732,1115 715,1127 686,1119 667,1127 653,1123 637,1135 619,1126 592,1134 574,1123 527,1131 511,1119 479,1123 460,1135 430,1120 407,1127 372,1123 351,1135 315,1123 292,1143 271,1134 248,1140 234,1131 224,1136 204,1125 178,1124"/>
            </Shape>
            <String ID="line_251c2078-2a8a-4005-a993-c9521c63e2b8-dummy-Word" HEIGHT="127" WIDTH="1829" HPOS="178" VPOS="1016" CONTENT="ven ik verzekert, dat, indien gy zulk uitmuntend weder treft als">
              <Shape>
                <Polygon POINTS="178,1072 200,1072 232,1048 247,1059 283,1054 304,1064 346,1044 355,1052 400,1051 414,1060 431,1055 439,1061 492,1040 518,1055 543,1046 562,1059 571,1055 589,1071 617,1059 642,1071 693,1076 718,1056 739,1063 764,1047 776,1051 806,1042 822,1055 843,1059 877,1051 895,1036 908,1043 929,1036 989,1079 1055,1037 1086,1063 1117,1045 1161,1055 1170,1047 1207,1044 1231,1063 1256,1067 1311,1036 1354,1040 1367,1031 1378,1039 1389,1028 1415,1024 1444,1024 1466,1036 1481,1031 1490,1039 1528,1027 1561,1043 1571,1036 1618,1059 1678,1035 1705,1051 1722,1052 1766,1020 1808,1044 1878,1016 1905,1024 1933,1047 1953,1036 1982,1051 2007,1045 2007,1089 2000,1095 1963,1088 1951,1096 1940,1091 1925,1103 1880,1095 1860,1111 1849,1107 1831,1119 1799,1099 1786,1102 1770,1093 1735,1119 1690,1120 1586,1098 1569,1099 1539,1117 1523,1111 1500,1115 1481,1100 1446,1103 1435,1111 1399,1100 1373,1118 1347,1115 1332,1126 1291,1104 1259,1110 1252,1104 1176,1104 1114,1123 1051,1119 1021,1143 987,1138 975,1127 963,1135 910,1112 863,1112 848,1123 803,1112 776,1135 732,1115 715,1127 686,1119 667,1127 653,1123 637,1135 619,1126 592,1134 574,1123 527,1131 511,1119 479,1123 460,1135 430,1120 407,1127 372,1123 351,1135 315,1123 292,1143 271,1134 248,1140 234,1131 224,1136 204,1125 178,1124"/>
              </Shape>
            </String>
          </TextLine>
          <TextLine ID="cc3a460d-4b56-4abb-9c28-ee72feb3c612" HEIGHT="145" WIDTH="1806" HPOS="176" VPOS="1091" STYLEREFS="textstyle-None---sans-serif---proportional---None---None---None">
            <Shape>
              <Polygon POINTS="176,1123 209,1127 218,1135 235,1131 246,1142 270,1133 282,1143 293,1143 314,1123 349,1135 361,1125 389,1139 412,1123 436,1143 450,1131 458,1135 486,1123 519,1123 527,1131 538,1123 581,1123 596,1135 616,1126 634,1135 652,1123 676,1131 693,1123 715,1127 734,1115 777,1135 802,1111 821,1111 838,1127 870,1111 908,1111 937,1127 965,1135 977,1126 1008,1142 1062,1115 1099,1115 1113,1123 1149,1112 1155,1118 1175,1104 1250,1104 1261,1111 1290,1104 1325,1126 1361,1107 1376,1113 1398,1100 1417,1111 1458,1103 1469,1111 1505,1115 1524,1101 1557,1107 1568,1099 1611,1099 1670,1119 1726,1119 1772,1094 1784,1102 1808,1099 1840,1119 1879,1095 1924,1103 1939,1091 1982,1111 1982,1155 1977,1151 1947,1173 1927,1166 1896,1190 1876,1171 1860,1168 1821,1182 1812,1174 1765,1182 1750,1171 1689,1178 1673,1167 1637,1202 1624,1190 1602,1199 1591,1192 1571,1195 1557,1204 1547,1203 1516,1174 1492,1174 1461,1199 1425,1199 1418,1206 1381,1189 1351,1194 1335,1183 1318,1194 1309,1186 1299,1190 1245,1175 1185,1203 1137,1191 1114,1214 1103,1210 1085,1220 1065,1215 1053,1227 1009,1190 990,1203 968,1191 887,1230 819,1206 802,1206 781,1218 759,1204 737,1214 730,1207 718,1210 694,1191 649,1220 613,1195 553,1231 544,1222 526,1222 507,1203 469,1191 390,1211 374,1227 351,1226 334,1211 301,1227 278,1214 264,1215 206,1236 176,1222"/>
            </Shape>
            <String ID="cc3a460d-4b56-4abb-9c28-ee72feb3c612-dummy-Word" HEIGHT="145" WIDTH="1806" HPOS="176" VPOS="1091" CONTENT="wy hebben mogen genieten, gy terug komende zult zeggen: ik heb">
              <Shape>
                <Polygon POINTS="176,1123 209,1127 218,1135 235,1131 246,1142 270,1133 282,1143 293,1143 314,1123 349,1135 361,1125 389,1139 412,1123 436,1143 450,1131 458,1135 486,1123 519,1123 527,1131 538,1123 581,1123 596,1135 616,1126 634,1135 652,1123 676,1131 693,1123 715,1127 734,1115 777,1135 802,1111 821,1111 838,1127 870,1111 908,1111 937,1127 965,1135 977,1126 1008,1142 1062,1115 1099,1115 1113,1123 1149,1112 1155,1118 1175,1104 1250,1104 1261,1111 1290,1104 1325,1126 1361,1107 1376,1113 1398,1100 1417,1111 1458,1103 1469,1111 1505,1115 1524,1101 1557,1107 1568,1099 1611,1099 1670,1119 1726,1119 1772,1094 1784,1102 1808,1099 1840,1119 1879,1095 1924,1103 1939,1091 1982,1111 1982,1155 1977,1151 1947,1173 1927,1166 1896,1190 1876,1171 1860,1168 1821,1182 1812,1174 1765,1182 1750,1171 1689,1178 1673,1167 1637,1202 1624,1190 1602,1199 1591,1192 1571,1195 1557,1204 1547,1203 1516,1174 1492,1174 1461,1199 1425,1199 1418,1206 1381,1189 1351,1194 1335,1183 1318,1194 1309,1186 1299,1190 1245,1175 1185,1203 1137,1191 1114,1214 1103,1210 1085,1220 1065,1215 1053,1227 1009,1190 990,1203 968,1191 887,1230 819,1206 802,1206 781,1218 759,1204 737,1214 730,1207 718,1210 694,1191 649,1220 613,1195 553,1231 544,1222 526,1222 507,1203 469,1191 390,1211 374,1227 351,1226 334,1211 301,1227 278,1214 264,1215 206,1236 176,1222"/>
              </Shape>
            </String>
          </TextLine>
          <TextLine ID="line_70d26f61-b80a-465e-aead-43086c3d6db9" HEIGHT="163" WIDTH="1850" HPOS="175" VPOS="1158" STYLEREFS="textstyle-None---sans-serif---proportional---None---None---None">
            <Shape>
              <Polygon POINTS="175,1221 220,1237 281,1209 329,1214 367,1198 385,1212 398,1206 425,1222 501,1205 514,1206 530,1222 573,1225 606,1198 653,1214 690,1190 730,1190 737,1197 784,1194 835,1225 853,1214 873,1229 897,1229 930,1221 957,1198 993,1185 1024,1213 1052,1226 1074,1214 1086,1221 1104,1210 1114,1213 1131,1197 1143,1205 1155,1197 1181,1205 1242,1178 1289,1182 1328,1201 1378,1189 1414,1205 1438,1205 1465,1197 1492,1173 1507,1173 1556,1207 1581,1189 1598,1201 1619,1193 1644,1197 1676,1166 1695,1179 1755,1173 1772,1181 1799,1165 1827,1186 1856,1173 1877,1173 1893,1189 1920,1197 1964,1158 2025,1186 2025,1231 1976,1265 1965,1261 1951,1269 1896,1237 1864,1254 1847,1248 1832,1261 1820,1253 1783,1261 1771,1249 1764,1253 1752,1245 1714,1273 1659,1285 1642,1301 1619,1297 1600,1313 1583,1317 1565,1308 1556,1317 1541,1312 1531,1321 1513,1321 1484,1296 1442,1308 1412,1300 1380,1308 1327,1265 1311,1277 1295,1277 1283,1265 1260,1269 1248,1259 1202,1266 1194,1258 1135,1297 1114,1285 1072,1293 1052,1277 1027,1277 1020,1270 1004,1285 988,1276 971,1285 917,1285 904,1276 854,1309 834,1313 804,1309 772,1284 735,1289 722,1277 700,1273 636,1309 588,1292 542,1321 508,1313 489,1313 479,1321 458,1300 435,1301 424,1292 412,1298 381,1273 348,1281 329,1277 321,1285 279,1270 237,1278 200,1273 186,1282 175,1276"/>
            </Shape>
            <String ID="line_70d26f61-b80a-465e-aead-43086c3d6db9-dummy-Word" HEIGHT="163" WIDTH="1850" HPOS="175" VPOS="1158" CONTENT="„len der genoeglykste dagen van myn leven op Weissenstein doorge=">
              <Shape>
                <Polygon POINTS="175,1221 220,1237 281,1209 329,1214 367,1198 385,1212 398,1206 425,1222 501,1205 514,1206 530,1222 573,1225 606,1198 653,1214 690,1190 730,1190 737,1197 784,1194 835,1225 853,1214 873,1229 897,1229 930,1221 957,1198 993,1185 1024,1213 1052,1226 1074,1214 1086,1221 1104,1210 1114,1213 1131,1197 1143,1205 1155,1197 1181,1205 1242,1178 1289,1182 1328,1201 1378,1189 1414,1205 1438,1205 1465,1197 1492,1173 1507,1173 1556,1207 1581,1189 1598,1201 1619,1193 1644,1197 1676,1166 1695,1179 1755,1173 1772,1181 1799,1165 1827,1186 1856,1173 1877,1173 1893,1189 1920,1197 1964,1158 2025,1186 2025,1231 1976,1265 1965,1261 1951,1269 1896,1237 1864,1254 1847,1248 1832,1261 1820,1253 1783,1261 1771,1249 1764,1253 1752,1245 1714,1273 1659,1285 1642,1301 1619,1297 1600,1313 1583,1317 1565,1308 1556,1317 1541,1312 1531,1321 1513,1321 1484,1296 1442,1308 1412,1300 1380,1308 1327,1265 1311,1277 1295,1277 1283,1265 1260,1269 1248,1259 1202,1266 1194,1258 1135,1297 1114,1285 1072,1293 1052,1277 1027,1277 1020,1270 1004,1285 988,1276 971,1285 917,1285 904,1276 854,1309 834,1313 804,1309 772,1284 735,1289 722,1277 700,1273 636,1309 588,1292 542,1321 508,1313 489,1313 479,1321 458,1300 435,1301 424,1292 412,1298 381,1273 348,1281 329,1277 321,1285 279,1270 237,1278 200,1273 186,1282 175,1276"/>
              </Shape>
            </String>
          </TextLine>
          <TextLine ID="line_135e1cd9-1a83-4e0e-993d-c91ba3d4013e" HEIGHT="111" WIDTH="237" HPOS="176" VPOS="1269" STYLEREFS="textstyle-None---sans-serif---proportional---None---None---None">
            <Shape>
              <Polygon POINTS="176,1292 215,1296 253,1269 279,1269 286,1276 299,1269 316,1285 342,1269 364,1269 384,1276 408,1300 413,1297 413,1341 389,1341 375,1352 342,1341 278,1380 234,1341 176,1340"/>
            </Shape>
            <String ID="line_135e1cd9-1a83-4e0e-993d-c91ba3d4013e-dummy-Word" HEIGHT="111" WIDTH="237" HPOS="176" VPOS="1269" CONTENT="bragt&quot;">
              <Shape>
                <Polygon POINTS="176,1292 215,1296 253,1269 279,1269 286,1276 299,1269 316,1285 342,1269 364,1269 384,1276 408,1300 413,1297 413,1341 389,1341 375,1352 342,1341 278,1380 234,1341 176,1340"/>
              </Shape>
            </String>
          </TextLine>
          <TextLine ID="a8ed16ab-b871-4c9a-bb94-a81eb43f7793" HEIGHT="133" WIDTH="1841" HPOS="184" VPOS="1306" STYLEREFS="textstyle-None---sans-serif---proportional---None---None---None">
            <Shape>
              <Polygon POINTS="184,1343 237,1342 274,1378 284,1379 325,1343 359,1339 377,1351 393,1339 427,1358 459,1342 480,1343 509,1315 540,1323 552,1311 605,1338 633,1343 647,1335 669,1343 695,1323 757,1343 798,1310 841,1310 849,1318 864,1315 901,1338 913,1326 934,1342 959,1345 989,1330 1014,1334 1054,1358 1113,1326 1143,1339 1164,1325 1173,1331 1191,1327 1209,1342 1216,1335 1246,1342 1286,1339 1303,1322 1345,1354 1375,1361 1404,1349 1419,1355 1439,1335 1486,1346 1523,1343 1550,1322 1565,1326 1591,1311 1636,1339 1676,1314 1704,1327 1749,1306 1778,1310 1799,1329 1828,1315 1844,1323 1872,1323 1887,1334 1909,1331 1940,1347 2025,1335 2025,1378 1933,1378 1901,1400 1879,1385 1863,1385 1851,1396 1818,1382 1800,1389 1756,1382 1735,1385 1715,1400 1686,1392 1675,1401 1660,1387 1630,1385 1591,1412 1538,1389 1518,1400 1492,1389 1447,1420 1417,1400 1383,1403 1364,1416 1347,1404 1308,1408 1286,1397 1259,1420 1216,1397 1199,1397 1189,1407 1180,1400 1165,1412 1148,1408 1133,1416 1104,1416 1078,1397 1065,1397 1040,1412 1016,1401 999,1415 955,1401 907,1431 897,1431 876,1412 857,1424 818,1416 764,1437 745,1431 735,1439 687,1420 665,1435 636,1439 617,1423 597,1423 571,1405 542,1412 499,1408 482,1416 455,1405 422,1416 401,1408 373,1436 346,1439 308,1408 278,1428 240,1408 184,1414"/>
            </Shape>
            <String ID="a8ed16ab-b871-4c9a-bb94-a81eb43f7793-dummy-Word" HEIGHT="133" WIDTH="1841" HPOS="184" VPOS="1306" CONTENT="Dat wy na zulk een dag gepasseert te hebben vry wat vermoeid waren">
              <Shape>
                <Polygon POINTS="184,1343 237,1342 274,1378 284,1379 325,1343 359,1339 377,1351 393,1339 427,1358 459,1342 480,1343 509,1315 540,1323 552,1311 605,1338 633,1343 647,1335 669,1343 695,1323 757,1343 798,1310 841,1310 849,1318 864,1315 901,1338 913,1326 934,1342 959,1345 989,1330 1014,1334 1054,1358 1113,1326 1143,1339 1164,1325 1173,1331 1191,1327 1209,1342 1216,1335 1246,1342 1286,1339 1303,1322 1345,1354 1375,1361 1404,1349 1419,1355 1439,1335 1486,1346 1523,1343 1550,1322 1565,1326 1591,1311 1636,1339 1676,1314 1704,1327 1749,1306 1778,1310 1799,1329 1828,1315 1844,1323 1872,1323 1887,1334 1909,1331 1940,1347 2025,1335 2025,1378 1933,1378 1901,1400 1879,1385 1863,1385 1851,1396 1818,1382 1800,1389 1756,1382 1735,1385 1715,1400 1686,1392 1675,1401 1660,1387 1630,1385 1591,1412 1538,1389 1518,1400 1492,1389 1447,1420 1417,1400 1383,1403 1364,1416 1347,1404 1308,1408 1286,1397 1259,1420 1216,1397 1199,1397 1189,1407 1180,1400 1165,1412 1148,1408 1133,1416 1104,1416 1078,1397 1065,1397 1040,1412 1016,1401 999,1415 955,1401 907,1431 897,1431 876,1412 857,1424 818,1416 764,1437 745,1431 735,1439 687,1420 665,1435 636,1439 617,1423 597,1423 571,1405 542,1412 499,1408 482,1416 455,1405 422,1416 401,1408 373,1436 346,1439 308,1408 278,1428 240,1408 184,1414"/>
              </Shape>
            </String>
          </TextLine>
          <TextLine ID="c1f830af-1ba3-4748-8fab-7cc5eca3892c" HEIGHT="123" WIDTH="1836" HPOS="184" VPOS="1380" STYLEREFS="textstyle-None---sans-serif---proportional---None---None---None">
            <Shape>
              <Polygon POINTS="184,1395 196,1395 218,1412 253,1411 273,1431 292,1415 310,1411 346,1438 373,1435 393,1415 419,1419 432,1407 450,1411 467,1404 483,1415 499,1407 541,1412 568,1404 601,1424 618,1423 635,1407 646,1415 656,1408 674,1411 732,1439 742,1431 764,1436 803,1423 823,1435 837,1423 846,1427 878,1412 893,1427 914,1427 958,1400 993,1415 1020,1402 1031,1411 1063,1412 1082,1400 1113,1416 1132,1416 1164,1402 1185,1415 1210,1399 1256,1416 1281,1415 1295,1404 1303,1410 1315,1403 1351,1410 1363,1399 1395,1411 1417,1400 1453,1427 1469,1427 1500,1399 1513,1407 1545,1391 1568,1403 1577,1399 1592,1411 1631,1384 1683,1408 1715,1400 1735,1384 1766,1382 1781,1391 1791,1388 1811,1404 1829,1403 1851,1384 1895,1396 1931,1380 1957,1396 1976,1383 2020,1393 2020,1438 1947,1478 1902,1447 1875,1467 1857,1449 1807,1475 1752,1451 1734,1455 1719,1443 1684,1463 1668,1447 1645,1455 1614,1449 1586,1455 1576,1445 1538,1451 1529,1459 1519,1452 1483,1456 1440,1448 1424,1452 1396,1476 1380,1463 1311,1452 1269,1471 1243,1463 1231,1474 1190,1487 1174,1486 1152,1467 1132,1472 1117,1461 1087,1483 1052,1487 1026,1463 1000,1467 992,1460 953,1460 903,1490 874,1471 860,1482 784,1503 725,1467 692,1471 665,1489 653,1482 635,1494 608,1487 572,1499 541,1487 528,1491 502,1475 458,1503 425,1474 413,1479 404,1471 370,1471 343,1492 274,1470 250,1479 227,1471 194,1475 184,1467"/>
            </Shape>
            <String ID="c1f830af-1ba3-4748-8fab-7cc5eca3892c-dummy-Word" HEIGHT="123" WIDTH="1836" HPOS="184" VPOS="1380" CONTENT="laat zich ligt begrypen, wy hadden ons des morgens wel met een ryting">
              <Shape>
                <Polygon POINTS="184,1395 196,1395 218,1412 253,1411 273,1431 292,1415 310,1411 346,1438 373,1435 393,1415 419,1419 432,1407 450,1411 467,1404 483,1415 499,1407 541,1412 568,1404 601,1424 618,1423 635,1407 646,1415 656,1408 674,1411 732,1439 742,1431 764,1436 803,1423 823,1435 837,1423 846,1427 878,1412 893,1427 914,1427 958,1400 993,1415 1020,1402 1031,1411 1063,1412 1082,1400 1113,1416 1132,1416 1164,1402 1185,1415 1210,1399 1256,1416 1281,1415 1295,1404 1303,1410 1315,1403 1351,1410 1363,1399 1395,1411 1417,1400 1453,1427 1469,1427 1500,1399 1513,1407 1545,1391 1568,1403 1577,1399 1592,1411 1631,1384 1683,1408 1715,1400 1735,1384 1766,1382 1781,1391 1791,1388 1811,1404 1829,1403 1851,1384 1895,1396 1931,1380 1957,1396 1976,1383 2020,1393 2020,1438 1947,1478 1902,1447 1875,1467 1857,1449 1807,1475 1752,1451 1734,1455 1719,1443 1684,1463 1668,1447 1645,1455 1614,1449 1586,1455 1576,1445 1538,1451 1529,1459 1519,1452 1483,1456 1440,1448 1424,1452 1396,1476 1380,1463 1311,1452 1269,1471 1243,1463 1231,1474 1190,1487 1174,1486 1152,1467 1132,1472 1117,1461 1087,1483 1052,1487 1026,1463 1000,1467 992,1460 953,1460 903,1490 874,1471 860,1482 784,1503 725,1467 692,1471 665,1489 653,1482 635,1494 608,1487 572,1499 541,1487 528,1491 502,1475 458,1503 425,1474 413,1479 404,1471 370,1471 343,1492 274,1470 250,1479 227,1471 194,1475 184,1467"/>
              </Shape>
            </String>
          </TextLine>
          <TextLine ID="df4d2ec7-1bc5-4f68-9572-eb4ec9d2e9dd" HEIGHT="121" WIDTH="1867" HPOS="177" VPOS="1441" STYLEREFS="textstyle-None---sans-serif---proportional---None---None---None">
            <Shape>
              <Polygon POINTS="177,1468 207,1477 222,1468 271,1469 279,1477 302,1477 315,1488 340,1492 375,1469 419,1470 464,1504 490,1484 505,1492 518,1482 529,1493 540,1485 570,1500 610,1489 639,1493 652,1481 671,1489 687,1473 698,1477 732,1465 778,1504 802,1493 813,1500 824,1492 831,1496 862,1477 884,1477 905,1489 935,1469 959,1472 970,1461 988,1461 996,1469 1024,1461 1048,1485 1064,1485 1078,1475 1088,1481 1123,1461 1150,1477 1193,1485 1231,1468 1272,1469 1317,1453 1343,1461 1354,1450 1366,1450 1394,1477 1431,1450 1454,1454 1476,1469 1492,1453 1527,1461 1553,1446 1579,1454 1608,1446 1617,1453 1650,1453 1687,1442 1704,1449 1715,1442 1756,1442 1767,1453 1787,1449 1809,1465 1836,1461 1851,1449 1877,1465 1893,1449 1903,1449 1929,1472 1947,1477 2017,1441 2044,1459 2044,1503 2038,1497 2020,1501 1991,1522 1971,1517 1940,1536 1919,1525 1903,1532 1889,1521 1879,1524 1845,1504 1811,1524 1794,1509 1775,1527 1751,1516 1724,1533 1691,1532 1666,1509 1642,1509 1634,1517 1618,1509 1601,1523 1587,1513 1551,1533 1527,1532 1511,1516 1500,1525 1488,1516 1467,1524 1439,1516 1408,1541 1383,1540 1372,1529 1353,1536 1331,1518 1317,1525 1287,1517 1255,1548 1235,1532 1215,1532 1189,1556 1173,1545 1154,1551 1127,1536 1104,1541 1073,1521 1046,1537 1031,1532 1015,1540 991,1525 950,1558 918,1540 892,1548 865,1525 778,1525 766,1537 751,1528 740,1539 727,1528 705,1529 680,1541 637,1540 620,1532 579,1553 564,1545 544,1549 528,1540 488,1537 457,1544 440,1536 415,1549 397,1537 385,1549 375,1541 344,1552 338,1548 319,1562 272,1533 234,1547 228,1541 221,1548 177,1544"/>
            </Shape>
            <String ID="df4d2ec7-1bc5-4f68-9572-eb4ec9d2e9dd-dummy-Word" HEIGHT="121" WIDTH="1867" HPOS="177" VPOS="1441" CONTENT="tot de plaats onzer bestemming laten brengen, doch hadden den Gaaschen da">
              <Shape>
                <Polygon POINTS="177,1468 207,1477 222,1468 271,1469 279,1477 302,1477 315,1488 340,1492 375,1469 419,1470 464,1504 490,1484 505,1492 518,1482 529,1493 540,1485 570,1500 610,1489 639,1493 652,1481 671,1489 687,1473 698,1477 732,1465 778,1504 802,1493 813,1500 824,1492 831,1496 862,1477 884,1477 905,1489 935,1469 959,1472 970,1461 988,1461 996,1469 1024,1461 1048,1485 1064,1485 1078,1475 1088,1481 1123,1461 1150,1477 1193,1485 1231,1468 1272,1469 1317,1453 1343,1461 1354,1450 1366,1450 1394,1477 1431,1450 1454,1454 1476,1469 1492,1453 1527,1461 1553,1446 1579,1454 1608,1446 1617,1453 1650,1453 1687,1442 1704,1449 1715,1442 1756,1442 1767,1453 1787,1449 1809,1465 1836,1461 1851,1449 1877,1465 1893,1449 1903,1449 1929,1472 1947,1477 2017,1441 2044,1459 2044,1503 2038,1497 2020,1501 1991,1522 1971,1517 1940,1536 1919,1525 1903,1532 1889,1521 1879,1524 1845,1504 1811,1524 1794,1509 1775,1527 1751,1516 1724,1533 1691,1532 1666,1509 1642,1509 1634,1517 1618,1509 1601,1523 1587,1513 1551,1533 1527,1532 1511,1516 1500,1525 1488,1516 1467,1524 1439,1516 1408,1541 1383,1540 1372,1529 1353,1536 1331,1518 1317,1525 1287,1517 1255,1548 1235,1532 1215,1532 1189,1556 1173,1545 1154,1551 1127,1536 1104,1541 1073,1521 1046,1537 1031,1532 1015,1540 991,1525 950,1558 918,1540 892,1548 865,1525 778,1525 766,1537 751,1528 740,1539 727,1528 705,1529 680,1541 637,1540 620,1532 579,1553 564,1545 544,1549 528,1540 488,1537 457,1544 440,1536 415,1549 397,1537 385,1549 375,1541 344,1552 338,1548 319,1562 272,1533 234,1547 228,1541 221,1548 177,1544"/>
              </Shape>
            </String>
          </TextLine>
          <TextLine ID="line_321108a1-cd47-405a-b95a-bc6e57d35ce5" HEIGHT="122" WIDTH="1869" HPOS="172" VPOS="1507" STYLEREFS="textstyle-None---sans-serif---proportional---None---None---None">
            <Shape>
              <Polygon POINTS="172,1545 232,1550 271,1530 310,1561 332,1561 360,1538 383,1549 406,1539 422,1550 437,1538 468,1544 525,1538 601,1566 640,1538 665,1541 681,1554 716,1535 753,1547 778,1526 864,1526 899,1548 909,1538 929,1546 952,1538 973,1542 994,1523 1009,1522 1025,1534 1037,1522 1073,1522 1095,1541 1115,1542 1129,1534 1156,1552 1174,1546 1190,1557 1213,1534 1238,1534 1254,1549 1298,1519 1307,1526 1335,1519 1354,1537 1376,1530 1387,1538 1417,1515 1473,1522 1497,1514 1504,1521 1513,1518 1529,1534 1553,1534 1573,1518 1609,1518 1617,1510 1660,1515 1671,1507 1696,1510 1723,1534 1746,1518 1776,1527 1795,1510 1812,1523 1838,1510 1860,1510 1913,1538 1925,1530 1956,1541 1989,1538 1997,1546 2041,1530 2041,1574 2010,1602 1944,1578 1919,1589 1883,1579 1856,1590 1839,1581 1794,1605 1771,1594 1759,1604 1723,1589 1708,1574 1672,1574 1664,1582 1609,1582 1568,1610 1499,1578 1475,1582 1449,1598 1435,1589 1379,1585 1354,1606 1334,1597 1313,1611 1296,1609 1266,1586 1254,1594 1217,1582 1176,1614 1140,1606 1110,1621 1080,1594 1067,1600 1028,1589 995,1594 973,1587 952,1598 929,1596 897,1622 858,1621 814,1590 780,1613 768,1606 755,1609 743,1598 693,1595 655,1622 637,1618 619,1625 539,1594 509,1606 464,1594 411,1629 366,1598 338,1613 330,1608 315,1614 301,1605 286,1614 242,1613 230,1601 193,1622 172,1613"/>
            </Shape>
            <String ID="line_321108a1-cd47-405a-b95a-bc6e57d35ce5-dummy-Word" HEIGHT="122" WIDTH="1869" HPOS="172" VPOS="1507" CONTENT="gelopen en geklommen, zonder byna een oogenblik uit te rusten tot des avond">
              <Shape>
                <Polygon POINTS="172,1545 232,1550 271,1530 310,1561 332,1561 360,1538 383,1549 406,1539 422,1550 437,1538 468,1544 525,1538 601,1566 640,1538 665,1541 681,1554 716,1535 753,1547 778,1526 864,1526 899,1548 909,1538 929,1546 952,1538 973,1542 994,1523 1009,1522 1025,1534 1037,1522 1073,1522 1095,1541 1115,1542 1129,1534 1156,1552 1174,1546 1190,1557 1213,1534 1238,1534 1254,1549 1298,1519 1307,1526 1335,1519 1354,1537 1376,1530 1387,1538 1417,1515 1473,1522 1497,1514 1504,1521 1513,1518 1529,1534 1553,1534 1573,1518 1609,1518 1617,1510 1660,1515 1671,1507 1696,1510 1723,1534 1746,1518 1776,1527 1795,1510 1812,1523 1838,1510 1860,1510 1913,1538 1925,1530 1956,1541 1989,1538 1997,1546 2041,1530 2041,1574 2010,1602 1944,1578 1919,1589 1883,1579 1856,1590 1839,1581 1794,1605 1771,1594 1759,1604 1723,1589 1708,1574 1672,1574 1664,1582 1609,1582 1568,1610 1499,1578 1475,1582 1449,1598 1435,1589 1379,1585 1354,1606 1334,1597 1313,1611 1296,1609 1266,1586 1254,1594 1217,1582 1176,1614 1140,1606 1110,1621 1080,1594 1067,1600 1028,1589 995,1594 973,1587 952,1598 929,1596 897,1622 858,1621 814,1590 780,1613 768,1606 755,1609 743,1598 693,1595 655,1622 637,1618 619,1625 539,1594 509,1606 464,1594 411,1629 366,1598 338,1613 330,1608 315,1614 301,1605 286,1614 242,1613 230,1601 193,1622 172,1613"/>
              </Shape>
            </String>
          </TextLine>
          <TextLine ID="line_4f3aaf17-33db-43d0-94d0-fb256db6e804" HEIGHT="114" WIDTH="1830" HPOS="177" VPOS="1577" STYLEREFS="textstyle-None---sans-serif---proportional---None---None---None">
            <Shape>
              <Polygon POINTS="177,1628 219,1603 234,1603 247,1615 279,1615 295,1604 323,1600 337,1611 372,1604 412,1631 475,1592 550,1612 562,1606 585,1616 627,1611 639,1619 685,1592 703,1599 741,1596 749,1604 814,1592 862,1623 894,1624 929,1596 952,1599 971,1588 990,1596 1004,1588 1041,1599 1078,1595 1113,1616 1154,1612 1170,1603 1180,1611 1214,1584 1240,1592 1282,1581 1339,1581 1363,1592 1381,1583 1414,1588 1446,1581 1473,1592 1479,1588 1492,1600 1518,1588 1586,1597 1631,1577 1649,1586 1672,1577 1724,1588 1742,1584 1762,1598 1775,1592 1792,1604 1816,1584 1849,1584 1858,1591 1906,1577 1943,1577 2007,1593 2007,1637 1981,1648 1964,1644 1936,1668 1913,1658 1900,1664 1879,1644 1866,1652 1833,1652 1764,1641 1753,1648 1736,1642 1723,1655 1684,1644 1648,1668 1633,1664 1621,1676 1587,1652 1576,1660 1550,1652 1496,1683 1468,1668 1457,1675 1424,1648 1404,1645 1375,1660 1359,1648 1319,1645 1282,1671 1259,1660 1214,1665 1191,1651 1158,1661 1139,1676 1122,1667 1114,1671 1080,1648 1062,1656 1017,1652 1009,1660 979,1650 960,1663 939,1652 911,1652 884,1679 830,1664 803,1691 777,1691 744,1671 702,1679 682,1667 649,1691 632,1675 582,1675 567,1660 538,1664 489,1656 471,1668 459,1670 446,1661 418,1672 387,1663 364,1679 334,1684 315,1675 293,1687 256,1660 177,1660"/>
            </Shape>
            <String ID="line_4f3aaf17-33db-43d0-94d0-fb256db6e804-dummy-Word" HEIGHT="114" WIDTH="1830" HPOS="177" VPOS="1577" CONTENT="8 uur, toen echter namen wij wel te moede, na een oogenblik voor de he=">
              <Shape>
                <Polygon POINTS="177,1628 219,1603 234,1603 247,1615 279,1615 295,1604 323,1600 337,1611 372,1604 412,1631 475,1592 550,1612 562,1606 585,1616 627,1611 639,1619 685,1592 703,1599 741,1596 749,1604 814,1592 862,1623 894,1624 929,1596 952,1599 971,1588 990,1596 1004,1588 1041,1599 1078,1595 1113,1616 1154,1612 1170,1603 1180,1611 1214,1584 1240,1592 1282,1581 1339,1581 1363,1592 1381,1583 1414,1588 1446,1581 1473,1592 1479,1588 1492,1600 1518,1588 1586,1597 1631,1577 1649,1586 1672,1577 1724,1588 1742,1584 1762,1598 1775,1592 1792,1604 1816,1584 1849,1584 1858,1591 1906,1577 1943,1577 2007,1593 2007,1637 1981,1648 1964,1644 1936,1668 1913,1658 1900,1664 1879,1644 1866,1652 1833,1652 1764,1641 1753,1648 1736,1642 1723,1655 1684,1644 1648,1668 1633,1664 1621,1676 1587,1652 1576,1660 1550,1652 1496,1683 1468,1668 1457,1675 1424,1648 1404,1645 1375,1660 1359,1648 1319,1645 1282,1671 1259,1660 1214,1665 1191,1651 1158,1661 1139,1676 1122,1667 1114,1671 1080,1648 1062,1656 1017,1652 1009,1660 979,1650 960,1663 939,1652 911,1652 884,1679 830,1664 803,1691 777,1691 744,1671 702,1679 682,1667 649,1691 632,1675 582,1675 567,1660 538,1664 489,1656 471,1668 459,1670 446,1661 418,1672 387,1663 364,1679 334,1684 315,1675 293,1687 256,1660 177,1660"/>
              </Shape>
            </String>
          </TextLine>
          <TextLine ID="line_02587539-f900-4d47-9391-89c5a9239f72" HEIGHT="126" WIDTH="1832" HPOS="178" VPOS="1638" STYLEREFS="textstyle-None---sans-serif---proportional---None---None---None">
            <Shape>
              <Polygon POINTS="178,1661 244,1657 288,1685 301,1685 319,1669 333,1667 362,1681 400,1657 429,1665 447,1661 459,1670 487,1659 541,1657 577,1664 617,1657 635,1665 651,1653 682,1664 702,1653 735,1677 747,1672 782,1693 803,1691 830,1665 864,1669 880,1653 896,1661 914,1653 943,1679 987,1653 1007,1661 1015,1653 1061,1657 1134,1646 1164,1661 1192,1652 1221,1668 1228,1661 1267,1661 1306,1646 1359,1649 1379,1642 1395,1653 1403,1645 1414,1652 1431,1645 1494,1685 1549,1653 1565,1663 1585,1653 1593,1661 1626,1657 1645,1669 1673,1645 1726,1653 1733,1646 1751,1649 1790,1638 1829,1653 1852,1645 1896,1661 1914,1657 1936,1669 1961,1645 1988,1646 2010,1668 2010,1713 1996,1720 1921,1713 1890,1732 1874,1728 1855,1737 1827,1709 1816,1717 1805,1709 1770,1709 1737,1737 1697,1729 1681,1741 1666,1741 1642,1721 1621,1725 1608,1717 1580,1741 1533,1741 1508,1724 1460,1756 1448,1748 1435,1753 1417,1740 1396,1740 1346,1713 1330,1724 1305,1716 1290,1726 1259,1713 1242,1725 1225,1713 1209,1729 1185,1724 1174,1733 1163,1724 1111,1725 1078,1748 1068,1740 1005,1741 995,1732 978,1736 966,1728 930,1735 918,1724 882,1717 841,1732 818,1728 807,1718 778,1717 751,1733 715,1733 694,1752 684,1744 675,1749 663,1740 646,1740 622,1721 595,1721 566,1737 550,1725 539,1735 524,1721 475,1721 442,1744 424,1736 384,1740 367,1725 320,1756 281,1764 256,1756 219,1725 188,1725 178,1733"/>
            </Shape>
            <String ID="line_02587539-f900-4d47-9391-89c5a9239f72-dummy-Word" HEIGHT="126" WIDTH="1832" HPOS="178" VPOS="1638" CONTENT="berg onder de bomen gezeten te hebben, de wandeling naar Cassel te voet">
              <Shape>
                <Polygon POINTS="178,1661 244,1657 288,1685 301,1685 319,1669 333,1667 362,1681 400,1657 429,1665 447,1661 459,1670 487,1659 541,1657 577,1664 617,1657 635,1665 651,1653 682,1664 702,1653 735,1677 747,1672 782,1693 803,1691 830,1665 864,1669 880,1653 896,1661 914,1653 943,1679 987,1653 1007,1661 1015,1653 1061,1657 1134,1646 1164,1661 1192,1652 1221,1668 1228,1661 1267,1661 1306,1646 1359,1649 1379,1642 1395,1653 1403,1645 1414,1652 1431,1645 1494,1685 1549,1653 1565,1663 1585,1653 1593,1661 1626,1657 1645,1669 1673,1645 1726,1653 1733,1646 1751,1649 1790,1638 1829,1653 1852,1645 1896,1661 1914,1657 1936,1669 1961,1645 1988,1646 2010,1668 2010,1713 1996,1720 1921,1713 1890,1732 1874,1728 1855,1737 1827,1709 1816,1717 1805,1709 1770,1709 1737,1737 1697,1729 1681,1741 1666,1741 1642,1721 1621,1725 1608,1717 1580,1741 1533,1741 1508,1724 1460,1756 1448,1748 1435,1753 1417,1740 1396,1740 1346,1713 1330,1724 1305,1716 1290,1726 1259,1713 1242,1725 1225,1713 1209,1729 1185,1724 1174,1733 1163,1724 1111,1725 1078,1748 1068,1740 1005,1741 995,1732 978,1736 966,1728 930,1735 918,1724 882,1717 841,1732 818,1728 807,1718 778,1717 751,1733 715,1733 694,1752 684,1744 675,1749 663,1740 646,1740 622,1721 595,1721 566,1737 550,1725 539,1735 524,1721 475,1721 442,1744 424,1736 384,1740 367,1725 320,1756 281,1764 256,1756 219,1725 188,1725 178,1733"/>
              </Shape>
            </String>
          </TextLine>
          <TextLine ID="line_88c967a2-a610-4962-9cf4-660c63b25f7c" HEIGHT="120" WIDTH="1778" HPOS="176" VPOS="1708" STYLEREFS="textstyle-None---sans-serif---proportional---None---None---None">
            <Shape>
              <Polygon POINTS="176,1732 219,1724 278,1765 322,1756 366,1728 385,1740 452,1739 460,1747 480,1747 510,1720 541,1731 554,1724 566,1736 583,1734 594,1723 609,1725 623,1739 661,1739 687,1756 718,1732 780,1736 805,1719 839,1732 853,1723 871,1728 892,1746 912,1743 925,1732 943,1733 952,1724 1005,1742 1074,1744 1099,1719 1126,1727 1163,1724 1192,1739 1222,1719 1241,1724 1261,1712 1285,1731 1310,1715 1370,1748 1401,1752 1413,1740 1431,1756 1444,1748 1460,1755 1508,1711 1524,1720 1534,1712 1564,1715 1575,1726 1601,1712 1629,1712 1661,1739 1679,1743 1716,1728 1744,1735 1772,1708 1803,1708 1817,1719 1839,1719 1851,1711 1869,1726 1892,1728 1922,1712 1954,1732 1954,1775 1935,1789 1920,1782 1905,1789 1890,1781 1799,1779 1777,1797 1767,1794 1744,1817 1693,1802 1657,1815 1633,1805 1609,1782 1568,1794 1553,1782 1525,1782 1516,1791 1486,1782 1456,1797 1429,1824 1373,1813 1306,1824 1285,1812 1275,1817 1263,1805 1229,1824 1221,1817 1208,1821 1166,1789 1153,1790 1115,1816 1089,1809 1074,1820 1037,1804 991,1805 968,1797 947,1805 896,1805 885,1813 856,1794 824,1798 816,1790 798,1805 785,1803 770,1813 758,1806 746,1816 720,1801 701,1813 690,1802 648,1828 608,1797 587,1790 554,1790 525,1809 510,1801 478,1805 460,1797 430,1798 421,1805 401,1798 385,1813 372,1805 355,1817 336,1803 324,1811 299,1794 286,1794 226,1813 209,1805 198,1816 176,1816"/>
            </Shape>
            <String ID="line_88c967a2-a610-4962-9cf4-660c63b25f7c-dummy-Word" HEIGHT="120" WIDTH="1778" HPOS="176" VPOS="1708" CONTENT="aan en zeer druk sprekende over al het geen wi dien dag gezien t">
              <Shape>
                <Polygon POINTS="176,1732 219,1724 278,1765 322,1756 366,1728 385,1740 452,1739 460,1747 480,1747 510,1720 541,1731 554,1724 566,1736 583,1734 594,1723 609,1725 623,1739 661,1739 687,1756 718,1732 780,1736 805,1719 839,1732 853,1723 871,1728 892,1746 912,1743 925,1732 943,1733 952,1724 1005,1742 1074,1744 1099,1719 1126,1727 1163,1724 1192,1739 1222,1719 1241,1724 1261,1712 1285,1731 1310,1715 1370,1748 1401,1752 1413,1740 1431,1756 1444,1748 1460,1755 1508,1711 1524,1720 1534,1712 1564,1715 1575,1726 1601,1712 1629,1712 1661,1739 1679,1743 1716,1728 1744,1735 1772,1708 1803,1708 1817,1719 1839,1719 1851,1711 1869,1726 1892,1728 1922,1712 1954,1732 1954,1775 1935,1789 1920,1782 1905,1789 1890,1781 1799,1779 1777,1797 1767,1794 1744,1817 1693,1802 1657,1815 1633,1805 1609,1782 1568,1794 1553,1782 1525,1782 1516,1791 1486,1782 1456,1797 1429,1824 1373,1813 1306,1824 1285,1812 1275,1817 1263,1805 1229,1824 1221,1817 1208,1821 1166,1789 1153,1790 1115,1816 1089,1809 1074,1820 1037,1804 991,1805 968,1797 947,1805 896,1805 885,1813 856,1794 824,1798 816,1790 798,1805 785,1803 770,1813 758,1806 746,1816 720,1801 701,1813 690,1802 648,1828 608,1797 587,1790 554,1790 525,1809 510,1801 478,1805 460,1797 430,1798 421,1805 401,1798 385,1813 372,1805 355,1817 336,1803 324,1811 299,1794 286,1794 226,1813 209,1805 198,1816 176,1816"/>
              </Shape>
            </String>
          </TextLine>
          <TextLine ID="f511571f-c0fd-4667-9f01-60f142344b3d" HEIGHT="136" WIDTH="1855" HPOS="176" VPOS="1766" STYLEREFS="textstyle-None---sans-serif---proportional---None---None---None">
            <Shape>
              <Polygon POINTS="176,1816 246,1814 265,1798 287,1794 319,1810 333,1801 344,1810 357,1798 380,1795 393,1805 402,1798 463,1797 474,1805 509,1800 522,1809 551,1790 608,1797 646,1826 673,1810 703,1813 717,1801 734,1813 758,1806 768,1813 785,1801 795,1805 802,1798 809,1804 821,1796 839,1798 851,1810 864,1805 885,1812 900,1805 913,1815 933,1802 967,1805 975,1798 1078,1815 1092,1801 1112,1806 1121,1798 1131,1805 1165,1788 1208,1821 1234,1822 1272,1790 1285,1788 1321,1793 1355,1820 1373,1813 1382,1821 1418,1818 1430,1824 1473,1789 1482,1793 1495,1782 1514,1792 1526,1782 1552,1782 1576,1801 1602,1782 1629,1809 1658,1815 1694,1802 1740,1814 1781,1778 1789,1784 1824,1778 1831,1785 1862,1778 1902,1789 1919,1782 1936,1789 1986,1766 2031,1805 2031,1849 2022,1844 1996,1852 1933,1891 1895,1887 1874,1870 1854,1879 1834,1871 1806,1875 1794,1867 1781,1878 1771,1871 1748,1887 1716,1875 1689,1852 1658,1852 1626,1878 1605,1859 1564,1864 1556,1856 1481,1887 1398,1867 1363,1886 1341,1883 1329,1894 1308,1886 1288,1895 1270,1886 1237,1902 1218,1902 1170,1864 1156,1876 1133,1872 1105,1895 1039,1891 992,1875 982,1885 965,1879 926,1902 906,1902 873,1871 845,1875 819,1860 797,1871 774,1860 745,1860 733,1871 711,1871 699,1860 662,1860 654,1868 619,1860 610,1867 593,1864 575,1879 556,1868 549,1875 535,1868 514,1874 494,1860 472,1872 449,1860 434,1868 418,1860 405,1871 384,1871 355,1892 343,1882 303,1875 279,1894 270,1887 245,1894 229,1879 207,1894 176,1902"/>
            </Shape>
            <String ID="f511571f-c0fd-4667-9f01-60f142344b3d-dummy-Word" HEIGHT="136" WIDTH="1855" HPOS="176" VPOS="1766" CONTENT="opgemerkt hadden waren wi voort na gunen Cassel genaderd byna">
              <Shape>
                <Polygon POINTS="176,1816 246,1814 265,1798 287,1794 319,1810 333,1801 344,1810 357,1798 380,1795 393,1805 402,1798 463,1797 474,1805 509,1800 522,1809 551,1790 608,1797 646,1826 673,1810 703,1813 717,1801 734,1813 758,1806 768,1813 785,1801 795,1805 802,1798 809,1804 821,1796 839,1798 851,1810 864,1805 885,1812 900,1805 913,1815 933,1802 967,1805 975,1798 1078,1815 1092,1801 1112,1806 1121,1798 1131,1805 1165,1788 1208,1821 1234,1822 1272,1790 1285,1788 1321,1793 1355,1820 1373,1813 1382,1821 1418,1818 1430,1824 1473,1789 1482,1793 1495,1782 1514,1792 1526,1782 1552,1782 1576,1801 1602,1782 1629,1809 1658,1815 1694,1802 1740,1814 1781,1778 1789,1784 1824,1778 1831,1785 1862,1778 1902,1789 1919,1782 1936,1789 1986,1766 2031,1805 2031,1849 2022,1844 1996,1852 1933,1891 1895,1887 1874,1870 1854,1879 1834,1871 1806,1875 1794,1867 1781,1878 1771,1871 1748,1887 1716,1875 1689,1852 1658,1852 1626,1878 1605,1859 1564,1864 1556,1856 1481,1887 1398,1867 1363,1886 1341,1883 1329,1894 1308,1886 1288,1895 1270,1886 1237,1902 1218,1902 1170,1864 1156,1876 1133,1872 1105,1895 1039,1891 992,1875 982,1885 965,1879 926,1902 906,1902 873,1871 845,1875 819,1860 797,1871 774,1860 745,1860 733,1871 711,1871 699,1860 662,1860 654,1868 619,1860 610,1867 593,1864 575,1879 556,1868 549,1875 535,1868 514,1874 494,1860 472,1872 449,1860 434,1868 418,1860 405,1871 384,1871 355,1892 343,1882 303,1875 279,1894 270,1887 245,1894 229,1879 207,1894 176,1902"/>
              </Shape>
            </String>
          </TextLine>
          <TextLine ID="f680e18d-6f96-4cc8-bd3f-6f35b4a9e359" HEIGHT="129" WIDTH="1866" HPOS="173" VPOS="1848" STYLEREFS="textstyle-None---sans-serif---proportional---None---None---None">
            <Shape>
              <Polygon POINTS="173,1890 188,1902 231,1879 246,1894 281,1894 310,1874 322,1882 344,1882 355,1893 392,1867 425,1879 444,1863 455,1863 483,1878 495,1870 530,1871 552,1859 579,1859 587,1867 622,1859 638,1870 663,1863 686,1876 704,1867 739,1867 749,1859 775,1859 792,1871 810,1865 833,1878 871,1870 907,1902 926,1902 941,1887 970,1878 982,1886 998,1874 1035,1894 1049,1887 1059,1894 1106,1895 1133,1871 1154,1876 1170,1863 1219,1902 1237,1902 1256,1890 1272,1898 1310,1886 1363,1886 1399,1867 1481,1887 1502,1872 1511,1880 1526,1867 1537,1873 1553,1859 1573,1865 1606,1859 1626,1878 1663,1852 1692,1852 1748,1887 1772,1870 1781,1877 1791,1867 1807,1875 1839,1871 1855,1878 1875,1870 1886,1881 1892,1875 1921,1879 1983,1848 2013,1866 2028,1862 2039,1873 2039,1918 2033,1924 2012,1931 1989,1923 1942,1959 1890,1926 1865,1939 1846,1928 1824,1939 1804,1920 1754,1920 1730,1935 1722,1927 1700,1935 1680,1920 1653,1929 1600,1920 1560,1935 1537,1924 1481,1924 1464,1940 1435,1924 1407,1924 1387,1934 1354,1924 1338,1927 1311,1954 1298,1954 1271,1927 1255,1927 1241,1939 1223,1924 1186,1941 1169,1927 1123,1938 1097,1931 1063,1950 1049,1950 1012,1927 969,1927 948,1938 935,1931 918,1947 900,1947 863,1927 826,1942 809,1931 763,1931 745,1946 732,1939 711,1956 688,1939 664,1939 656,1931 644,1942 616,1934 554,1951 523,1935 497,1950 469,1950 450,1966 413,1966 380,1941 358,1935 339,1943 322,1931 308,1942 283,1931 270,1942 252,1935 215,1939 173,1977"/>
            </Shape>
            <String ID="f680e18d-6f96-4cc8-bd3f-6f35b4a9e359-dummy-Word" HEIGHT="129" WIDTH="1866" HPOS="173" VPOS="1848" CONTENT="zonder het te weten: gestadig weadden wi onze blikken nog agter">
              <Shape>
                <Polygon POINTS="173,1890 188,1902 231,1879 246,1894 281,1894 310,1874 322,1882 344,1882 355,1893 392,1867 425,1879 444,1863 455,1863 483,1878 495,1870 530,1871 552,1859 579,1859 587,1867 622,1859 638,1870 663,1863 686,1876 704,1867 739,1867 749,1859 775,1859 792,1871 810,1865 833,1878 871,1870 907,1902 926,1902 941,1887 970,1878 982,1886 998,1874 1035,1894 1049,1887 1059,1894 1106,1895 1133,1871 1154,1876 1170,1863 1219,1902 1237,1902 1256,1890 1272,1898 1310,1886 1363,1886 1399,1867 1481,1887 1502,1872 1511,1880 1526,1867 1537,1873 1553,1859 1573,1865 1606,1859 1626,1878 1663,1852 1692,1852 1748,1887 1772,1870 1781,1877 1791,1867 1807,1875 1839,1871 1855,1878 1875,1870 1886,1881 1892,1875 1921,1879 1983,1848 2013,1866 2028,1862 2039,1873 2039,1918 2033,1924 2012,1931 1989,1923 1942,1959 1890,1926 1865,1939 1846,1928 1824,1939 1804,1920 1754,1920 1730,1935 1722,1927 1700,1935 1680,1920 1653,1929 1600,1920 1560,1935 1537,1924 1481,1924 1464,1940 1435,1924 1407,1924 1387,1934 1354,1924 1338,1927 1311,1954 1298,1954 1271,1927 1255,1927 1241,1939 1223,1924 1186,1941 1169,1927 1123,1938 1097,1931 1063,1950 1049,1950 1012,1927 969,1927 948,1938 935,1931 918,1947 900,1947 863,1927 826,1942 809,1931 763,1931 745,1946 732,1939 711,1956 688,1939 664,1939 656,1931 644,1942 616,1934 554,1951 523,1935 497,1950 469,1950 450,1966 413,1966 380,1941 358,1935 339,1943 322,1931 308,1942 283,1931 270,1942 252,1935 215,1939 173,1977"/>
              </Shape>
            </String>
          </TextLine>
          <TextLine ID="line_911dd662-f75b-4c49-b54a-a93ee97971f8" HEIGHT="124" WIDTH="1854" HPOS="172" VPOS="1921" STYLEREFS="textstyle-None---sans-serif---proportional---None---None---None">
            <Shape>
              <Polygon POINTS="172,1977 213,1960 250,1965 267,1957 282,1965 321,1965 354,1937 402,1953 419,1941 437,1949 456,1933 482,1933 501,1949 522,1933 550,1929 562,1937 574,1929 592,1935 622,1929 640,1941 689,1940 712,1960 726,1949 738,1953 760,1933 774,1933 815,1964 841,1957 866,1933 895,1949 949,1940 961,1950 984,1929 1013,1929 1046,1949 1062,1949 1093,1933 1163,1933 1185,1942 1196,1933 1209,1941 1218,1933 1269,1927 1305,1953 1343,1926 1468,1929 1506,1922 1544,1925 1556,1936 1581,1922 1600,1937 1617,1930 1626,1937 1680,1922 1697,1937 1713,1929 1733,1933 1741,1925 1785,1921 1800,1933 1809,1929 1824,1940 1840,1933 1848,1941 1889,1925 1937,1957 1952,1955 1980,1932 2026,1947 2026,1991 1993,2012 1965,1989 1937,1993 1900,2013 1864,1992 1843,2005 1808,2005 1796,2016 1780,2001 1757,2009 1712,1989 1665,2005 1645,1991 1619,1999 1589,1997 1580,2005 1555,1989 1536,1989 1509,2005 1482,1996 1462,2013 1426,1989 1402,2013 1387,2008 1378,2016 1290,1996 1273,2008 1246,1993 1234,2004 1203,2005 1195,2013 1171,2001 1145,2013 1127,2001 1095,2021 1081,2020 1058,1997 1045,2004 1023,1993 1013,2000 984,1993 957,2011 944,2005 934,2012 906,1997 857,2036 801,2012 786,1997 776,1997 761,2012 731,1997 712,2012 697,2009 688,2016 666,1997 644,1997 630,2006 602,2001 571,2024 551,2013 540,2021 487,1997 425,2005 402,2024 347,1997 322,2005 305,1997 275,1997 257,2005 242,2002 193,2045 172,2037"/>
            </Shape>
            <String ID="line_911dd662-f75b-4c49-b54a-a93ee97971f8-dummy-Word" HEIGHT="124" WIDTH="1854" HPOS="172" VPOS="1921" CONTENT="waarts naar dat behoorlyke lustplaats tot dat de huizen der voor„">
              <Shape>
                <Polygon POINTS="172,1977 213,1960 250,1965 267,1957 282,1965 321,1965 354,1937 402,1953 419,1941 437,1949 456,1933 482,1933 501,1949 522,1933 550,1929 562,1937 574,1929 592,1935 622,1929 640,1941 689,1940 712,1960 726,1949 738,1953 760,1933 774,1933 815,1964 841,1957 866,1933 895,1949 949,1940 961,1950 984,1929 1013,1929 1046,1949 1062,1949 1093,1933 1163,1933 1185,1942 1196,1933 1209,1941 1218,1933 1269,1927 1305,1953 1343,1926 1468,1929 1506,1922 1544,1925 1556,1936 1581,1922 1600,1937 1617,1930 1626,1937 1680,1922 1697,1937 1713,1929 1733,1933 1741,1925 1785,1921 1800,1933 1809,1929 1824,1940 1840,1933 1848,1941 1889,1925 1937,1957 1952,1955 1980,1932 2026,1947 2026,1991 1993,2012 1965,1989 1937,1993 1900,2013 1864,1992 1843,2005 1808,2005 1796,2016 1780,2001 1757,2009 1712,1989 1665,2005 1645,1991 1619,1999 1589,1997 1580,2005 1555,1989 1536,1989 1509,2005 1482,1996 1462,2013 1426,1989 1402,2013 1387,2008 1378,2016 1290,1996 1273,2008 1246,1993 1234,2004 1203,2005 1195,2013 1171,2001 1145,2013 1127,2001 1095,2021 1081,2020 1058,1997 1045,2004 1023,1993 1013,2000 984,1993 957,2011 944,2005 934,2012 906,1997 857,2036 801,2012 786,1997 776,1997 761,2012 731,1997 712,2012 697,2009 688,2016 666,1997 644,1997 630,2006 602,2001 571,2024 551,2013 540,2021 487,1997 425,2005 402,2024 347,1997 322,2005 305,1997 275,1997 257,2005 242,2002 193,2045 172,2037"/>
              </Shape>
            </String>
          </TextLine>
          <TextLine ID="line_65b4078b-0d6e-4d80-8761-5acb63be03ae" HEIGHT="125" WIDTH="1821" HPOS="174" VPOS="1991" STYLEREFS="textstyle-None---sans-serif---proportional---None---None---None">
            <Shape>
              <Polygon POINTS="174,2037 193,2045 240,2004 253,2006 261,1998 279,2006 288,1998 305,2014 328,1998 341,2006 357,2001 370,2014 395,2014 404,2021 431,2005 449,2014 459,2010 470,2021 480,2013 491,2017 508,2002 539,2021 546,2014 567,2021 600,2002 634,2006 644,1998 686,2018 712,2013 729,1998 754,2010 787,1998 799,1999 823,2021 836,2017 863,2034 903,1998 939,2010 1006,1995 1058,1998 1083,2021 1097,2022 1127,2002 1144,2014 1170,2002 1190,2013 1201,2006 1236,2005 1247,1995 1271,2004 1311,1991 1355,2014 1379,2017 1388,2009 1398,2014 1426,1991 1465,2014 1490,1997 1525,2013 1550,1995 1592,1998 1608,2014 1650,2014 1706,1991 1737,2009 1767,1991 1802,2008 1858,2005 1866,2013 1895,2014 1910,2006 1930,2010 1950,1991 1966,1991 1995,2017 1995,2062 1953,2082 1930,2070 1886,2078 1870,2063 1846,2062 1799,2093 1769,2089 1727,2116 1709,2112 1685,2090 1677,2093 1643,2062 1624,2073 1586,2061 1566,2073 1551,2070 1521,2090 1505,2086 1495,2093 1475,2078 1443,2085 1408,2063 1387,2063 1355,2089 1324,2086 1311,2073 1277,2078 1260,2069 1220,2086 1192,2082 1178,2069 1098,2063 1082,2075 1052,2070 1003,2093 960,2074 942,2080 927,2070 903,2070 846,2103 832,2101 798,2073 773,2077 749,2063 728,2063 714,2073 697,2066 685,2078 667,2080 647,2070 626,2086 587,2086 565,2074 542,2077 529,2067 501,2077 488,2070 464,2093 444,2089 416,2101 391,2087 385,2093 364,2085 354,2093 335,2093 311,2077 274,2097 247,2070 215,2074 200,2085 192,2078 174,2089"/>
            </Shape>
            <String ID="line_65b4078b-0d6e-4d80-8761-5acb63be03ae-dummy-Word" HEIGHT="125" WIDTH="1821" HPOS="174" VPOS="1991" CONTENT="stad ons zulks beletteden. Dat er voor het overige eene goede ect¬">
              <Shape>
                <Polygon POINTS="174,2037 193,2045 240,2004 253,2006 261,1998 279,2006 288,1998 305,2014 328,1998 341,2006 357,2001 370,2014 395,2014 404,2021 431,2005 449,2014 459,2010 470,2021 480,2013 491,2017 508,2002 539,2021 546,2014 567,2021 600,2002 634,2006 644,1998 686,2018 712,2013 729,1998 754,2010 787,1998 799,1999 823,2021 836,2017 863,2034 903,1998 939,2010 1006,1995 1058,1998 1083,2021 1097,2022 1127,2002 1144,2014 1170,2002 1190,2013 1201,2006 1236,2005 1247,1995 1271,2004 1311,1991 1355,2014 1379,2017 1388,2009 1398,2014 1426,1991 1465,2014 1490,1997 1525,2013 1550,1995 1592,1998 1608,2014 1650,2014 1706,1991 1737,2009 1767,1991 1802,2008 1858,2005 1866,2013 1895,2014 1910,2006 1930,2010 1950,1991 1966,1991 1995,2017 1995,2062 1953,2082 1930,2070 1886,2078 1870,2063 1846,2062 1799,2093 1769,2089 1727,2116 1709,2112 1685,2090 1677,2093 1643,2062 1624,2073 1586,2061 1566,2073 1551,2070 1521,2090 1505,2086 1495,2093 1475,2078 1443,2085 1408,2063 1387,2063 1355,2089 1324,2086 1311,2073 1277,2078 1260,2069 1220,2086 1192,2082 1178,2069 1098,2063 1082,2075 1052,2070 1003,2093 960,2074 942,2080 927,2070 903,2070 846,2103 832,2101 798,2073 773,2077 749,2063 728,2063 714,2073 697,2066 685,2078 667,2080 647,2070 626,2086 587,2086 565,2074 542,2077 529,2067 501,2077 488,2070 464,2093 444,2089 416,2101 391,2087 385,2093 364,2085 354,2093 335,2093 311,2077 274,2097 247,2070 215,2074 200,2085 192,2078 174,2089"/>
              </Shape>
            </String>
          </TextLine>
          <TextLine ID="line_1d078bd8-e0f5-4573-b81b-11a1bfd26349" HEIGHT="128" WIDTH="1560" HPOS="180" VPOS="2060" STYLEREFS="textstyle-None---sans-serif---proportional---None---None---None">
            <Shape>
              <Polygon POINTS="180,2076 229,2075 243,2068 277,2097 314,2068 344,2080 366,2068 397,2085 458,2064 486,2064 501,2075 521,2068 544,2075 557,2064 584,2084 634,2080 665,2100 683,2092 696,2100 708,2088 754,2071 789,2074 830,2103 849,2103 880,2080 890,2083 909,2070 946,2080 980,2064 1015,2083 1035,2084 1051,2068 1068,2072 1100,2060 1117,2068 1137,2060 1147,2070 1176,2068 1191,2083 1256,2079 1272,2092 1328,2095 1360,2087 1385,2064 1394,2072 1420,2064 1439,2075 1475,2079 1495,2092 1527,2087 1567,2061 1603,2061 1611,2068 1619,2060 1639,2060 1674,2091 1686,2088 1709,2111 1740,2090 1740,2133 1726,2141 1719,2134 1696,2134 1689,2141 1657,2134 1626,2156 1619,2149 1604,2157 1592,2153 1573,2172 1560,2161 1543,2161 1495,2172 1487,2180 1468,2172 1443,2175 1431,2163 1381,2165 1372,2157 1315,2176 1288,2169 1272,2176 1249,2160 1212,2165 1199,2156 1160,2157 1152,2165 1138,2157 1110,2173 1048,2149 1025,2149 996,2164 943,2165 927,2172 905,2161 863,2188 842,2180 830,2188 800,2188 758,2172 707,2188 671,2172 645,2188 614,2173 578,2176 557,2160 461,2188 444,2180 402,2180 395,2173 374,2180 358,2169 342,2176 319,2157 303,2169 286,2154 258,2169 241,2165 217,2184 180,2176"/>
            </Shape>
            <String ID="line_1d078bd8-e0f5-4573-b81b-11a1bfd26349-dummy-Word" HEIGHT="128" WIDTH="1560" HPOS="180" VPOS="2060" CONTENT="lust en nog beter nachtzust op volgde spreekt van zelve.">
              <Shape>
                <Polygon POINTS="180,2076 229,2075 243,2068 277,2097 314,2068 344,2080 366,2068 397,2085 458,2064 486,2064 501,2075 521,2068 544,2075 557,2064 584,2084 634,2080 665,2100 683,2092 696,2100 708,2088 754,2071 789,2074 830,2103 849,2103 880,2080 890,2083 909,2070 946,2080 980,2064 1015,2083 1035,2084 1051,2068 1068,2072 1100,2060 1117,2068 1137,2060 1147,2070 1176,2068 1191,2083 1256,2079 1272,2092 1328,2095 1360,2087 1385,2064 1394,2072 1420,2064 1439,2075 1475,2079 1495,2092 1527,2087 1567,2061 1603,2061 1611,2068 1619,2060 1639,2060 1674,2091 1686,2088 1709,2111 1740,2090 1740,2133 1726,2141 1719,2134 1696,2134 1689,2141 1657,2134 1626,2156 1619,2149 1604,2157 1592,2153 1573,2172 1560,2161 1543,2161 1495,2172 1487,2180 1468,2172 1443,2175 1431,2163 1381,2165 1372,2157 1315,2176 1288,2169 1272,2176 1249,2160 1212,2165 1199,2156 1160,2157 1152,2165 1138,2157 1110,2173 1048,2149 1025,2149 996,2164 943,2165 927,2172 905,2161 863,2188 842,2180 830,2188 800,2188 758,2172 707,2188 671,2172 645,2188 614,2173 578,2176 557,2160 461,2188 444,2180 402,2180 395,2173 374,2180 358,2169 342,2176 319,2157 303,2169 286,2154 258,2169 241,2165 217,2184 180,2176"/>
              </Shape>
            </String>
          </TextLine>
        </TextBlock>
      </PrintSpace>
    </Page>
  </Layout>
</alto>
