2083 2540
178 76 1762 168 Roomschen keizer logeeren dit moet een voortreflyk logement zyn

180 197 1848 114 nen zegt dat er 200 kamers in zyn. Om de aanhoudende regen kregen wy

179 262 1823 111 Wernicheim het verzoek van eene dame om een plaatsje in ons ri¬

193 325 1828 116 g; te sterk zynde en daarby de 4o valliezen binnen in hebbende moesten

209 388 1800 115 dit verzoek afslagen dan nu plaatste zich die dame naast de

167 453 1855 125 hoetzier op de bok met eene parapluie op en zoo kwamen wy tusschen

168 518 1834 119 het gevolg van den kroonjris en waarmede wy tot Transfort reden„

164 577 1859 123 dan voor de poort ging die tweede nochzier toch van haare verheve

169 647 1813 127 ne zitting af. Prof: Tydeman, die met de Hollandsche reisgenoten

163 722 1849 134 wat vroege als wij int Kanau was gegaan, zou ons in de weis¬

174 786 1847 130 je schwar plaats bestellen doch vond het hier zoo vol dat hy met

171 865 1822 131 moite zelf plaats vond; gelukkig kwamen wy le regt juist over de

154 935 1830 130 witte zwaar in het weiderbusch welk logement mede voortref=

162 1004 1828 149 lyk is; door de aanstaande mis is het hier ook reeds zoo vol de

159 1079 1804 120 veele menschen, die na ons kwamen, zyn reeds afgezonden; aan

156 1145 1831 138 able d'hole hebben wij zoo even wel 40 menschen Gesoupeerd

157 1230 1819 131 die hier alle gelogeerd zyn hieronder zyn veele Engelschen

161 1301 1849 148 Daer wy hier 2 a 3 dagen denken te blyven zullen wij tyds genoeg

164 1377 1837 139 hebben om de merkwaardigheden van Frankfort op te nemen

151 1446 1850 150 welke ik u in eene volgende van hier of uit Maintzn geschre¬

154 1526 1713 138 ven hoop mede te deelen. Geloof my intusschen steeds te zin

1132 1604 854 166 Uw toegenegenen vriendenz

167 1725 1841 182 I. T. ouze vroome en op het uiterlijke dood eenvoudige voerman

151 1861 1864 103 van Eisenach naar Haaan die ons altyd Edele sterren of Baroonen te

158 1925 1864 104 uleerde heeft, het zy onweterd, het zy met opzet, een paar nieuwe laarzen

174 1986 1847 108 an C. Falle meetegenomen die los in de wagenbank waren & wi ver¬

161 2048 1844 112 eten hebben er uit te nemen. La Faille heeft aan den kastelein van Ei„

146 2121 1878 123 enach geschreven om zich daaromtrent by den voerman te informe„

148 2191 1863 132 en ende laarzen zoo mooglyk voor ons vertrek van hier aan den

138 2260 839 132 Heer Kutel te Hanau te zenden

0 2042 148 78 mede

0 2108 76 86 en
