2083 2540
367 1 364 66 personer

544 220 526 164 waardste Vriend.

1872 58 117 88 26.

907 67 731 149 Gittingen den 9 July 1816.

142 335 1835 166 Wilhelmshöhe, voorheen weissenstein genoemd en ook reeds een blaauwe maan

140 426 1830 146 dag Napoleonshöhe geheten, is een lustplaats aan den Keurvorst van

129 493 1848 140 Hessen Cassel toebehorende bi een groot uar van de stad gelegen: de Landgraven

127 563 1859 130 Karel en Frederik de H hebben hetzelve begonnen & het is op eene heerlyke wyze

124 628 1862 138 door den thans regeerende Keurvorst Willem de 1X vollooid geworden. Even als

130 694 1867 142 ik reeds meermalen Gedaan heb zal ik u maar alles in die orde mededeelen

129 755 1790 133 als het ons is voorgekomen. Langs eene lange breede laan gingen wy

127 816 1839 156 zondaght naar het zoo benoemde Weissenstein en wel op dien dag om-

966 890 82 48 wegen

125 874 1878 148 dat alle werk waterwerken dan spriep hetgeen men niet dan met groo¬

129 940 1837 172 te moeite op andere dagen gedaan kan krygen waarby men dan toeh

127 1010 1868 165 altyd het groote gewoel der wandelaas zoo wel inwoners der stad als

128 1075 1877 163 vreemdelingen mist, op eenige afstand der stad gekomen zagen wy regts

129 1145 1879 161 af de enorme Casernes door Jerome in zyne tyd gebouwd waar verschei¬

126 1212 1836 151 de duizend man, ja volgens het zeggen van iemand, 't geen mij echter on

130 1280 1849 155 waarschynlyk voorkomt, wel 30000 man in geborgen kunnen worden:

131 1341 1878 145 voor he deeze linden allee is aan weerszijden met huizen bezet waarde

128 1407 1827 147 der eenige zeer goede en enkete mooge tuinhuizen; dan spoedig maar uit

138 1473 1810 164 dielaar, verbeeldt en thans maar voor het paleis te staan dat op

137 1539 1765 164 een zagt glooyend terras is gebouwd aan de eene zyde met de

131 1584 1880 177 gouden letteren Wilhelmstiche & aan de andere zijde met de woorden

133 1664 1881 165 Gulielmus IX Elector condidit, prykt. Het is in eene bevallige smaak

134 1726 1876 172 gebouwd met een platdak voorzien waaruit zich eene kogiel verheft

132 1809 1861 160 van 62 voet en doormnede heeft en van waar, zoo als wij vervolgens

132 1877 1850 169 zagen, men een heerlyk gezicht op Cassel ende omleggende streken

126 1939 1886 157 heeft voor het overige bestaat het geheel uit een hoofdgebouw & twee vlen

135 2016 1855 158 gelen die door een zoort van verdekte galery vereenigd zyn. Inwendig

138 2086 1857 152 veantwoordt alles aan het grootsche denkbeeld dat men by het eerste

138 2159 1818 161 gezicht reeds heeft opgevat; door een zeer ruim en schoon vestibale

136 2235 1848 156 gegaan zynde komt men dadelyk aan de danszaal die zeer schoon is

133 2309 1875 160 vervolgens in eene galeen van Schilderyen waaronder van grote meester
