2083 2540
1909 78 125 90 104.

197 84 1801 146 waren wy zeer wel. De stad op de helling der berg gelegen is met zeer groot

188 166 1833 136 doch voldeel my wel: boven op eene hooge rots, die men langs trappen be

185 232 1826 129 klunt, doch waarop men ziz ook en zig zag rydende met een ryling kan

184 302 1841 111 komen, is het slot gelegen hetgeen eene ruwe klomp gebouwen is van eene

173 359 1837 117 Gothische bouworder, in hetzelve is de benoemde Meissuer porcelein fa

175 431 1823 118 briek de eerste die in Europa geweest is en waar al dat schoone

180 484 1846 108 Saksische porcelein vervaardigt wordt: thans werken eren dezelve

177 558 1834 105 tusschen de 400 en 500 man welk getal te vooren veel groter was; de

176 611 1857 133 niederlage of het magazyn vonden wy zoo ryk niet voorzien als te

174 686 1815 126 Berlin zynde de bewenking voor het overige volkomen hetzelfde

175 755 1832 122 waarom ik dit alles met stilzwygen voorby gaa. Ook hier op de

175 828 1838 106 rds vindt men de trotsche domkerk hetwelk een schoon Gebonde is;

175 888 1852 115 uit derzelver glazen, en in 't algemeen van deeze rots, heeft men het

172 949 1835 125 overheerlijkst gezicht dat men zich kan voorstellen op de krouke=

178 1013 1816 129 lende Elve en de wynbergen op deszelfs aan andere zyde gelegen: in

176 1078 1834 119 het Eerste deel van Bongardt's reize door Duizeland vindt men op

172 1144 1834 124 bladz 152 eene uitmuntende plaat van de Stad doch voornament

169 1197 1812 148 lyk van het slot van Meissen zynde het gezigt van de overzyde

162 1287 559 117 der rivier genomen.

169 1324 1849 152 meissen verlatende tydt men terstond over eene brug, die de fran„

168 1423 1862 122 schen voor drie jaar gedeeltelyk hebben afgebroken, naar de regter

167 1490 1800 105 oover der Elve welke men tot Dresden, zes uuren van Meissen

165 1552 1831 126 gelegen, gestadig blyft houden, de loop van de rivier eene geruime

172 1621 1826 116 tyd volgende. met verbazing ziet men de hoogte die het water in

170 1683 1789 117 1784 en 1799 bereikt heeft daaraan Kenbaar dat deeze getallen

163 1754 1797 115 om en dan in de cotzen zyn uitgehouwen. Geheel nieuw was

166 1816 1814 124 voor ons het gezegt der wynbergen aan weerszyden der rivier

163 1886 1843 121 daar wy er tot nu hoe in zulk een aantal niet gezien hadden:

169 1962 1859 119 voortreflyk vertoonden zu7 hier eenige sneewwitte huisjes van

168 2026 1849 131 tusschen de wynstokken terwyl eene ruine, Kapel, of kerk op de top

170 2099 1818 122 eens bergs zich dikwyls majestueudz verhief en by het donker

170 2166 1858 137 groen der bosschen met weinig afstak. Toen wy de rivier verlaten had

176 2242 1861 133 den passeerden wy nog eenige schoone doopen en Zagen wedertusschen
