2083 2540
358 1 347 75 Personer

1861 37 76 99 12

150 74 1787 165 voordige ven ik nog niet aan de Duitsche kost gewoon. - Hier geene ver„

144 177 1797 127 rekte bywagen kunnende bekomen moeden wy ons met eene andere

144 233 1802 127 schelpen gelukkig voor ons dat wy eene heerlyke dag troffen: zonder

140 296 1811 124 eenige byzonderheid kwamen wy om 6½ uur, na Beele gepasseerd te

141 360 1809 134 zyn, te Claaholz aan alwaarmen onder een vreeslyk klokkengelui om eene

140 424 1786 131 plegtigheid van de volgende dog aantekondigen, zynde eene algemeene

140 490 1814 136 lykdienst voor de in het vorige jaar op diendag gesneuvelde helden

631 568 265 58 was het de danvan

139 558 1842 131 zoo ik my niet bedrieg by de tweede inneming van Parys. Het Klooster

139 621 1827 143 dat men hier vind zagen wy slechts uitwendig doch gingen even in de

138 688 1843 126 vry nette kerk: zeer trof ons hier een opschrift aan een Crucifix aan de

142 765 1392 136 buitenzyde der Kerk voorhanden luidende aldus

190 831 1235 120 Effigien Christi, dum transis, semper honora

183 866 1768 156 Nouzamen effigiem, sed qren designat, adora. — Kort daarna

144 967 1819 140 Herzebroek aankomende hadden wy veele moeite om een verdekte

137 1034 1829 124 vagen te bekomen hetgeen ons, daar wy de gansche nagt moesten door

142 1096 1783 129 yden, in 't geheel met onverschillig was, het gelukte ons evenwel

136 1159 1803 126 door den Heer Postmeister iets meer in de hand te duwen; & wij

136 1237 1764 123 bekwamen een zeer goede Jourgon voor 41 persone. waarmede

134 1301 1825 138 Prots. Tydeman, la Faille, Bodel en myn persoon later dan de postwagen

131 1363 1763 161 zelve vertrokken doch door eene kortere weg te nemen, die de

134 1429 1771 145 postwagen niet mogt inslaan, kwamen wy een paar uur eerder,

135 1501 1799 153 en wel des nagts om één uur, te Neuenkirche zynde de derde

133 1575 1794 157 station: hier hadden wy eene zonderlinge ontmoeting die my

133 1645 1806 169 nog lang zal hengen: verbeeld is terwyl wy alle sleepen of ten min

132 1720 1770 167 sten een weinig dommelden, opent onze voerman het lyking ous

138 1783 1776 161 verzoekende aftestygen wyl wy daar nieuwe versche paarden

137 1854 1819 169 en een andere wagen moesten hebben, wij gehoorzaamden klop=

136 1937 1818 165 en vonder dat wy in eene stal waren gereden wiens deuren gewis

137 2011 1757 171 open waren zoen wy kwamen; van verre geheel an fond van het

140 2087 1856 183 huis een lampje ziende schemeren, waardden wy door de donke re

130 2164 1839 162 stal henen en belaadden na veel hooten en botzen eindelyk in een

133 2247 1858 174 groot vertrek hetwelk door het kleine lampje slechts gedeeltelyk
