2083 2540
1927 56 76 71 75.

182 61 1811 128 ekende: ik hoorde toch den groten Stufeland (die onder ons gezegd en ge=

178 153 1827 109 leven een groote bok en trotsche Sinjeur is waarschynlyk over alle zyne

177 207 1834 106 dels en enoume inkomsten als staatsraad, lyfarts, in speden der Hospe„

180 269 1830 108 alen, professor en wat niet al) die zich en zyn equipage altyd laat brengen

180 322 1829 113 en halen, doch vond zyne voorlezingen droog en vervelend zyne Audito

173 381 1840 118 en niets dan een portie recepten dicterende: dan mooglyk kwam dit ook

168 437 1834 125 omdat ik niet van de kuust ven. met genoegen woonde ik eenige collegies

169 505 1821 124 by van Savigny en Schmalz beide professoren in de regten: laatstgenoemde

170 559 1813 129 heet diez in de laatste jaren vry wat gesignaleerd door zyn Patrio

174 626 1833 129 tismus en haat tegen de Franschen zoo dat hy door zyne schriften

178 688 1844 136 half Prnissen wapende en Napoleon vry wat aanging op de notzebue„

176 756 1832 125 en de Schualzen: hy gelykt sprekend op de oude Heer Ruardi zoo dat

167 817 1834 119 ke van gefrappeerd was toen ik hem de eerste reis Juridische Enlyelope„

160 881 1796 120 die hoorde doceren. Het museur zoo legitim stdat onder opzigt van

164 947 1846 121 Profs Lichtensten, dezelfde die de ren door de Binnenlanden van Afri„

175 1014 1836 114 a heeft geschreven, en die als Gouverneur van de kinderen van de

169 1073 1807 116 teer Jansen lang aan de kaap geweest is, zoodat hy ons ook in zeer

177 1129 1815 117 oed Hollandsch aansprak, het museum zoologdum, zeg ik, vult zes

178 1191 1832 122 grootekamers en een lange zaal waar alle vogels in opgestelt zyn:

176 1261 1823 133 het staat op bepaalde uren van den dag voor de sludenten open,

170 1338 1843 118 ik ben er op zulk een tyd geweest, wanneer er verscheiden bezig waren

164 1396 1822 128 va heteen en ander opte teekenen. Onder de zoogdiezen, die naa

160 1461 1853 115 den Prodronuus Mammalium van Illiger gerangschikt zyn, ware.

163 1522 1856 132 twee kamelen, een Drommedaris, een Eland, een leeuw, 2 Zebras, 2 beere¬

168 1590 1856 121 en twee wilde zwynen; de collectie open schynt ook zeer volledig te zyn

177 1656 1859 130 de vogels zyn uitmuntend en fraay opgezet, by ieder voorwerp is de clas

179 1721 1851 130 je orde familie en naam van het dier op een gekleurd papier voorhen

168 1783 1857 128 den verschillend naar het waerelddeel dat het bewoont. De opge

166 1859 1854 125 citte, gedroogde, gesecletteerde en op liquar staande visschen vul=

171 1927 1854 120 len mede eene geheele kamer zy zijn gerangschikt naar het syste

165 2002 1862 117 ma van den Hr Block: onder de amphybien zyn eenige zee-grote slan„

167 2074 1854 128 gen en twee buitengewoon zware schilden van schildpadden; deeze zijn

174 2134 1859 152 even als de Mollusken naar Dumeril gerangschikt. voorts is er nog eene

1567 2208 447 111 groote verza¬

0 1682 134 132 iikt
