2083 2540
1920 58 109 95 191

969 69 821 131 Groningen den 1 September 1816.

724 254 270 153 Amile.

143 342 1852 152 mogt ik er in eene myne vorige uit Nemwegen onze behoudene teaugkomst

145 442 1850 117 in het Vaderland mededeelen, thans heb ik het genoegen i te melden

139 510 1836 114 dat wy gisteren in welstand in onze geboorteplaats zyn gearriveerd

135 575 1879 109 en alle de onze in welstand hebben mogen omhelzen: ingevolge belof

133 647 1856 113 te vat ik dadelyk depen op om en hiervan kennis te geven en onze reie

134 711 1565 121 van Nimwegen herwaarts met korte woorden te verhalen.

133 773 1884 127 Maandag laastleden vertrokken wy dan alle zeven te gelyk uit Nimwe=

132 859 1871 117 gen doch reisden niet ver met elkanderen daar ons onze Hollandsche

133 928 1868 116 reisgenoten dadelyk aan de overzyde der rivier, waar wy met een gier„

131 990 1847 115 brug overvoeren, verlieten en wy, na wederzydsch afscheid genomen

137 1051 1866 112 te hebben, elk eene verschillende weg insloegen; de onze liep, zoo als

131 1109 1900 137 gy mooglyk zult weten, langs de voormalige thans byna toegegroend

135 1179 1879 141 vaart van Nimwegen naar Arnhem waar wij na het dorp Elten

131 1257 1863 140 gepasseerd te zyn over de fraaij vercierde en ter eere van de door

131 1320 1857 148 togt des Kroonprinsen geheel vergroende schipbrug binnen reden

128 1393 1883 126 wi vonden de straten der stad, waar just de Hermis begonnen was,

134 1467 1880 119 om dezelfde reden geheel met zand bestrooit en hier en daar met

135 1533 1851 120 schoone cerebogen verleerd. De St Jans poort uitgaande wandelde wy

136 1601 1834 119 naar de plaats Lichtenbeek genaamd die zeer lief is; eene foutein,

135 1667 1858 113 die men door middel van een sleutel op verschillende wizen non

136 1734 1815 129 laten springen, voldeet my wel even als eene vry lange grot

136 1805 1862 119 die met onaardig was en my beter beveel dan een klein eilandje

141 1877 1865 139 waar het van spreuken en opschriften wemelde: van daar gingen

135 1951 1839 129 wy over Lager erf naar Muutenberg dat mede een lieve plaats

138 2029 1771 128 is en toen over het goed Siepe genaamd naar Sonsbeek en

139 2102 1863 122 Hartjes berg welke laatste plaatsen over de 200 morgen groot

146 2175 1835 120 nog veete tekens dragen van de bestorming der stad door de

140 2251 1805 113 Pruissen in 1813. Op Sonsbeek is eene groote party zulxe boomen,

136 2321 1875 132 roode bluken en andere vreemde boomen en heesters, een badhuis
