<?xml version='1.0' encoding='UTF-8' standalone='yes'?>
<alto xmlns:xsi="http://www.w3.org/2001/XMLSchema-instance" xmlns="http://www.loc.gov/standards/alto/ns-v4#" xsi:schemaLocation="http://www.loc.gov/standards/alto/ns-v4# http://www.loc.gov/standards/alto/v4/alto-4-2.xsd" SCHEMAVERSION="4.2">
  <Description>
    <MeasurementUnit>pixel</MeasurementUnit>
    <sourceImageInformation>
      <fileName>0027_0552_0179_0027.jpg</fileName>
    </sourceImageInformation>
  </Description>
  <Styles>
    <TextStyle ID="textstyle-None---sans-serif---proportional---None---None---None" FONTTYPE="sans-serif" FONTWIDTH="proportional"/>
  </Styles>
  <Tags/>
  <Layout>
    <Page ID="None" PHYSICAL_IMG_NR="0" WIDTH="2083" HEIGHT="2540">
      <PrintSpace VPOS="0" HPOS="0" HEIGHT="2540" WIDTH="2083">
        <TextBlock ID="d5b9fc4f-be7e-4b91-85e2-cd37a7a2bdcf" HEIGHT="30" WIDTH="122" HPOS="1823" VPOS="0" IDNEXT="region_13e49f40-308d-4667-885b-7f1b3eb385a4">
          <Shape>
            <Polygon POINTS="1823,0 1945,0 1945,30 1823,30"/>
          </Shape>
          <TextLine ID="line_831e3cd8-89ed-4b8b-aaf8-3c1fb77bf752" HEIGHT="30" WIDTH="122" HPOS="1823" VPOS="0" STYLEREFS="textstyle-None---sans-serif---proportional---None---None---None">
            <Shape>
              <Polygon POINTS="1823,5 1945,0 1945,10 1940,4 1919,21 1896,22 1888,30 1866,11 1823,30"/>
            </Shape>
            <String ID="line_831e3cd8-89ed-4b8b-aaf8-3c1fb77bf752-word0" HEIGHT="30" WIDTH="122" HPOS="1823" VPOS="0" CONTENT=""/>
          </TextLine>
        </TextBlock>
        <TextBlock ID="region_13e49f40-308d-4667-885b-7f1b3eb385a4" HEIGHT="63" WIDTH="305" HPOS="383" VPOS="0" IDNEXT="b41a7797-6ca4-4a60-b276-81c03e747ead">
          <Shape>
            <Polygon POINTS="383,0 688,0 688,63 383,63"/>
          </Shape>
          <TextLine ID="line_2afe4800-000f-4b15-9bab-583949272e44" HEIGHT="63" WIDTH="305" HPOS="383" VPOS="0" STYLEREFS="textstyle-None---sans-serif---proportional---None---None---None">
            <Shape>
              <Polygon POINTS="383,10 398,1 410,13 441,13 448,6 458,13 470,1 486,1 510,13 532,3 538,9 548,3 560,13 581,6 596,13 620,1 634,9 642,1 688,0 688,28 658,50 637,40 625,51 577,47 550,59 524,50 497,63 469,47 431,51 419,63 400,47 383,58"/>
            </Shape>
            <String ID="line_2afe4800-000f-4b15-9bab-583949272e44-dummy-Word" HEIGHT="63" WIDTH="305" HPOS="383" VPOS="0" CONTENT="ersonen">
              <Shape>
                <Polygon POINTS="383,10 398,1 410,13 441,13 448,6 458,13 470,1 486,1 510,13 532,3 538,9 548,3 560,13 581,6 596,13 620,1 634,9 642,1 688,0 688,28 658,50 637,40 625,51 577,47 550,59 524,50 497,63 469,47 431,51 419,63 400,47 383,58"/>
              </Shape>
            </String>
          </TextLine>
        </TextBlock>
        <TextBlock ID="b41a7797-6ca4-4a60-b276-81c03e747ead" HEIGHT="2414" WIDTH="1917" HPOS="124" VPOS="1">
          <Shape>
            <Polygon POINTS="124,1 2041,1 2041,2415 124,2415"/>
          </Shape>
          <TextLine ID="line_8e77aa92-b0d2-4415-aec5-aef55f67d1ba" HEIGHT="133" WIDTH="1811" HPOS="138" VPOS="1" STYLEREFS="textstyle-None---sans-serif---proportional---None---None---None">
            <Shape>
              <Polygon POINTS="138,71 151,61 168,73 206,72 230,58 260,72 272,61 299,55 344,69 368,54 412,53 419,46 496,50 510,60 537,49 556,55 583,48 625,53 637,42 657,53 672,38 724,38 741,50 802,42 861,57 872,46 916,45 943,34 973,49 1012,42 1033,53 1069,29 1082,33 1095,26 1119,26 1153,41 1172,25 1200,45 1212,45 1246,25 1276,18 1292,25 1313,18 1321,26 1367,21 1399,30 1429,21 1447,37 1455,30 1496,45 1531,21 1550,25 1573,13 1639,6 1663,28 1705,5 1727,9 1741,21 1761,1 1793,14 1808,29 1861,21 1868,14 1909,45 1940,46 1949,38 1949,76 1934,85 1926,77 1890,103 1876,96 1833,103 1801,91 1766,110 1743,87 1735,92 1724,81 1672,81 1656,88 1626,81 1616,88 1595,84 1539,122 1519,119 1491,91 1476,98 1463,88 1439,100 1421,84 1411,92 1401,84 1363,84 1333,100 1313,88 1289,88 1273,103 1230,100 1209,111 1144,92 1124,100 1109,92 1079,92 1069,99 1052,92 1004,92 990,104 981,96 956,96 933,107 920,96 889,96 857,111 839,111 828,122 797,119 788,110 770,126 707,105 692,115 672,107 660,111 648,100 626,111 572,104 535,133 507,108 485,115 468,108 456,115 436,111 426,118 394,108 381,119 363,115 342,134 303,122 280,134 248,134 240,126 226,130 209,115 138,122"/>
            </Shape>
            <String ID="line_8e77aa92-b0d2-4415-aec5-aef55f67d1ba-dummy-Word" HEIGHT="133" WIDTH="1811" HPOS="138" VPOS="1" CONTENT="waardige dingen: na nog eene naburige steengroef, waarby die">
              <Shape>
                <Polygon POINTS="138,71 151,61 168,73 206,72 230,58 260,72 272,61 299,55 344,69 368,54 412,53 419,46 496,50 510,60 537,49 556,55 583,48 625,53 637,42 657,53 672,38 724,38 741,50 802,42 861,57 872,46 916,45 943,34 973,49 1012,42 1033,53 1069,29 1082,33 1095,26 1119,26 1153,41 1172,25 1200,45 1212,45 1246,25 1276,18 1292,25 1313,18 1321,26 1367,21 1399,30 1429,21 1447,37 1455,30 1496,45 1531,21 1550,25 1573,13 1639,6 1663,28 1705,5 1727,9 1741,21 1761,1 1793,14 1808,29 1861,21 1868,14 1909,45 1940,46 1949,38 1949,76 1934,85 1926,77 1890,103 1876,96 1833,103 1801,91 1766,110 1743,87 1735,92 1724,81 1672,81 1656,88 1626,81 1616,88 1595,84 1539,122 1519,119 1491,91 1476,98 1463,88 1439,100 1421,84 1411,92 1401,84 1363,84 1333,100 1313,88 1289,88 1273,103 1230,100 1209,111 1144,92 1124,100 1109,92 1079,92 1069,99 1052,92 1004,92 990,104 981,96 956,96 933,107 920,96 889,96 857,111 839,111 828,122 797,119 788,110 770,126 707,105 692,115 672,107 660,111 648,100 626,111 572,104 535,133 507,108 485,115 468,108 456,115 436,111 426,118 394,108 381,119 363,115 342,134 303,122 280,134 248,134 240,126 226,130 209,115 138,122"/>
              </Shape>
            </String>
          </TextLine>
          <TextLine ID="line_8d3c277f-2608-4bcf-b46a-5a06fc7ccc0a" HEIGHT="118" WIDTH="1836" HPOS="131" VPOS="80" STYLEREFS="textstyle-None---sans-serif---proportional---None---None---None">
            <Shape>
              <Polygon POINTS="131,105 142,116 210,116 268,133 320,115 344,132 360,116 380,120 392,108 426,119 441,111 455,115 466,104 505,104 536,132 579,100 650,100 663,111 688,107 695,114 712,107 738,120 751,107 774,108 796,92 812,92 835,115 918,88 941,88 950,96 975,88 1004,108 1035,88 1059,99 1080,92 1106,109 1134,91 1155,91 1207,111 1229,100 1272,103 1299,84 1324,84 1338,92 1372,84 1385,96 1428,84 1447,96 1463,84 1478,99 1492,91 1527,123 1540,123 1570,96 1598,84 1617,87 1629,80 1654,88 1674,80 1726,80 1765,111 1801,88 1818,103 1877,96 1921,119 1967,96 1967,135 1925,167 1897,174 1882,174 1857,158 1836,174 1803,178 1766,142 1741,155 1719,150 1702,162 1688,155 1661,174 1633,158 1617,166 1586,149 1579,155 1562,147 1529,170 1517,158 1476,143 1455,150 1401,150 1387,143 1370,151 1357,143 1332,143 1315,151 1263,147 1255,154 1235,147 1182,166 1174,158 1143,166 1127,156 1114,166 1101,158 1046,162 1023,151 988,158 955,147 901,158 856,194 828,193 803,184 785,166 763,170 752,159 683,159 655,182 628,181 588,161 559,163 548,174 504,169 475,182 452,163 413,198 352,167 301,190 276,190 261,175 241,182 233,174 224,182 178,174 131,190"/>
            </Shape>
            <String ID="line_8d3c277f-2608-4bcf-b46a-5a06fc7ccc0a-dummy-Word" HEIGHT="118" WIDTH="1836" HPOS="131" VPOS="80" CONTENT="Heer ons de geheele bewerking toonde, gezien te hebben namen wy af=">
              <Shape>
                <Polygon POINTS="131,105 142,116 210,116 268,133 320,115 344,132 360,116 380,120 392,108 426,119 441,111 455,115 466,104 505,104 536,132 579,100 650,100 663,111 688,107 695,114 712,107 738,120 751,107 774,108 796,92 812,92 835,115 918,88 941,88 950,96 975,88 1004,108 1035,88 1059,99 1080,92 1106,109 1134,91 1155,91 1207,111 1229,100 1272,103 1299,84 1324,84 1338,92 1372,84 1385,96 1428,84 1447,96 1463,84 1478,99 1492,91 1527,123 1540,123 1570,96 1598,84 1617,87 1629,80 1654,88 1674,80 1726,80 1765,111 1801,88 1818,103 1877,96 1921,119 1967,96 1967,135 1925,167 1897,174 1882,174 1857,158 1836,174 1803,178 1766,142 1741,155 1719,150 1702,162 1688,155 1661,174 1633,158 1617,166 1586,149 1579,155 1562,147 1529,170 1517,158 1476,143 1455,150 1401,150 1387,143 1370,151 1357,143 1332,143 1315,151 1263,147 1255,154 1235,147 1182,166 1174,158 1143,166 1127,156 1114,166 1101,158 1046,162 1023,151 988,158 955,147 901,158 856,194 828,193 803,184 785,166 763,170 752,159 683,159 655,182 628,181 588,161 559,163 548,174 504,169 475,182 452,163 413,198 352,167 301,190 276,190 261,175 241,182 233,174 224,182 178,174 131,190"/>
              </Shape>
            </String>
          </TextLine>
          <TextLine ID="line_57b6de46-94c7-493a-94fc-2f0c12852c3a" HEIGHT="138" WIDTH="1852" HPOS="134" VPOS="140" STYLEREFS="textstyle-None---sans-serif---proportional---None---None---None">
            <Shape>
              <Polygon POINTS="134,190 201,171 239,186 260,174 276,190 300,191 343,167 364,171 392,198 413,198 451,163 483,183 503,167 557,171 570,159 587,159 604,174 615,168 631,182 651,183 675,167 683,171 723,157 729,163 781,163 808,186 856,194 899,159 936,148 968,148 986,156 1016,148 1047,163 1058,155 1095,155 1108,166 1126,156 1145,163 1167,156 1182,166 1239,144 1255,152 1282,144 1317,150 1356,144 1368,155 1386,144 1400,151 1453,151 1477,143 1505,155 1516,144 1575,140 1596,158 1622,163 1632,157 1654,167 1681,151 1694,163 1719,148 1746,155 1762,140 1804,178 1834,175 1856,159 1892,175 1911,163 1936,166 1973,151 1986,159 1986,199 1959,220 1927,227 1872,196 1844,196 1833,207 1781,196 1745,226 1717,200 1699,200 1685,212 1666,200 1652,207 1593,200 1575,216 1562,207 1542,212 1526,204 1502,215 1483,204 1462,204 1434,228 1405,203 1354,214 1342,208 1327,216 1305,208 1278,224 1249,211 1237,216 1205,207 1184,220 1160,212 1136,231 1112,228 1094,213 1073,212 1045,232 1010,211 1000,220 953,220 936,235 908,228 895,216 863,216 847,229 817,212 796,227 737,223 717,239 695,228 658,248 632,228 624,235 599,227 588,236 571,236 536,224 521,235 503,228 473,239 451,231 369,267 354,267 308,232 296,232 264,259 248,252 234,263 222,251 192,243 152,276 143,278 134,269"/>
            </Shape>
            <String ID="line_57b6de46-94c7-493a-94fc-2f0c12852c3a-dummy-Word" HEIGHT="138" WIDTH="1852" HPOS="134" VPOS="140" CONTENT="heid van zyuEd alsmede van de H=r Goldsmit en begaven ons naar on">
              <Shape>
                <Polygon POINTS="134,190 201,171 239,186 260,174 276,190 300,191 343,167 364,171 392,198 413,198 451,163 483,183 503,167 557,171 570,159 587,159 604,174 615,168 631,182 651,183 675,167 683,171 723,157 729,163 781,163 808,186 856,194 899,159 936,148 968,148 986,156 1016,148 1047,163 1058,155 1095,155 1108,166 1126,156 1145,163 1167,156 1182,166 1239,144 1255,152 1282,144 1317,150 1356,144 1368,155 1386,144 1400,151 1453,151 1477,143 1505,155 1516,144 1575,140 1596,158 1622,163 1632,157 1654,167 1681,151 1694,163 1719,148 1746,155 1762,140 1804,178 1834,175 1856,159 1892,175 1911,163 1936,166 1973,151 1986,159 1986,199 1959,220 1927,227 1872,196 1844,196 1833,207 1781,196 1745,226 1717,200 1699,200 1685,212 1666,200 1652,207 1593,200 1575,216 1562,207 1542,212 1526,204 1502,215 1483,204 1462,204 1434,228 1405,203 1354,214 1342,208 1327,216 1305,208 1278,224 1249,211 1237,216 1205,207 1184,220 1160,212 1136,231 1112,228 1094,213 1073,212 1045,232 1010,211 1000,220 953,220 936,235 908,228 895,216 863,216 847,229 817,212 796,227 737,223 717,239 695,228 658,248 632,228 624,235 599,227 588,236 571,236 536,224 521,235 503,228 473,239 451,231 369,267 354,267 308,232 296,232 264,259 248,252 234,263 222,251 192,243 152,276 143,278 134,269"/>
              </Shape>
            </String>
          </TextLine>
          <TextLine ID="line_945fe56c-616b-4f2c-ace3-dfda3d783f2f" HEIGHT="129" WIDTH="1809" HPOS="132" VPOS="196" STYLEREFS="textstyle-None---sans-serif---proportional---None---None---None">
            <Shape>
              <Polygon POINTS="132,260 157,269 186,244 205,255 241,247 256,232 306,231 354,267 364,267 411,228 474,239 512,228 521,234 536,224 585,236 601,251 649,243 665,252 682,235 713,239 739,223 757,231 788,227 816,212 837,223 852,212 859,218 888,212 901,224 940,218 949,224 966,212 987,212 998,221 1020,212 1049,232 1084,208 1097,215 1105,208 1139,215 1146,208 1204,207 1240,216 1250,209 1268,227 1280,227 1296,214 1322,219 1341,204 1388,200 1404,203 1433,228 1461,204 1492,217 1528,203 1544,215 1561,207 1574,216 1597,196 1641,204 1657,215 1669,204 1684,213 1707,196 1731,204 1739,196 1764,204 1796,196 1828,207 1843,196 1876,196 1904,223 1922,225 1941,205 1941,243 1895,262 1873,255 1862,262 1851,251 1812,259 1801,248 1768,251 1760,259 1726,252 1716,262 1699,264 1688,255 1676,262 1669,255 1656,262 1638,252 1609,259 1570,255 1535,290 1512,278 1479,286 1452,273 1440,282 1424,267 1416,272 1378,259 1338,286 1304,286 1297,293 1272,283 1248,286 1228,267 1207,263 1185,267 1174,278 1117,263 1100,270 1069,263 1059,270 1027,267 1016,278 995,274 974,294 940,301 929,294 905,301 884,284 848,290 832,282 815,290 789,278 774,286 755,279 740,293 697,286 687,294 666,279 641,302 618,283 598,283 586,294 557,289 533,301 514,290 497,301 477,300 462,290 422,309 384,294 364,309 332,313 321,306 302,314 283,302 266,302 246,317 236,309 207,309 185,325 173,325 154,306 132,317"/>
            </Shape>
            <String ID="line_945fe56c-616b-4f2c-ace3-dfda3d783f2f-dummy-Word" HEIGHT="129" WIDTH="1809" HPOS="132" VPOS="196" CONTENT="ogement. — Nadat wy aldaar een boteaham met koffy gebruikt hadden">
              <Shape>
                <Polygon POINTS="132,260 157,269 186,244 205,255 241,247 256,232 306,231 354,267 364,267 411,228 474,239 512,228 521,234 536,224 585,236 601,251 649,243 665,252 682,235 713,239 739,223 757,231 788,227 816,212 837,223 852,212 859,218 888,212 901,224 940,218 949,224 966,212 987,212 998,221 1020,212 1049,232 1084,208 1097,215 1105,208 1139,215 1146,208 1204,207 1240,216 1250,209 1268,227 1280,227 1296,214 1322,219 1341,204 1388,200 1404,203 1433,228 1461,204 1492,217 1528,203 1544,215 1561,207 1574,216 1597,196 1641,204 1657,215 1669,204 1684,213 1707,196 1731,204 1739,196 1764,204 1796,196 1828,207 1843,196 1876,196 1904,223 1922,225 1941,205 1941,243 1895,262 1873,255 1862,262 1851,251 1812,259 1801,248 1768,251 1760,259 1726,252 1716,262 1699,264 1688,255 1676,262 1669,255 1656,262 1638,252 1609,259 1570,255 1535,290 1512,278 1479,286 1452,273 1440,282 1424,267 1416,272 1378,259 1338,286 1304,286 1297,293 1272,283 1248,286 1228,267 1207,263 1185,267 1174,278 1117,263 1100,270 1069,263 1059,270 1027,267 1016,278 995,274 974,294 940,301 929,294 905,301 884,284 848,290 832,282 815,290 789,278 774,286 755,279 740,293 697,286 687,294 666,279 641,302 618,283 598,283 586,294 557,289 533,301 514,290 497,301 477,300 462,290 422,309 384,294 364,309 332,313 321,306 302,314 283,302 266,302 246,317 236,309 207,309 185,325 173,325 154,306 132,317"/>
              </Shape>
            </String>
          </TextLine>
          <TextLine ID="line_2608e5a2-fd80-4ae1-9a86-73573cf58e39" HEIGHT="155" WIDTH="1869" HPOS="126" VPOS="239" STYLEREFS="textstyle-None---sans-serif---proportional---None---None---None">
            <Shape>
              <Polygon POINTS="126,316 155,306 182,328 206,309 257,309 268,301 284,301 304,314 324,305 348,309 372,289 382,296 398,293 415,308 444,293 494,301 515,289 533,301 547,289 576,296 594,285 615,285 635,304 663,277 687,294 727,293 747,278 796,285 826,273 846,289 883,285 914,304 927,293 943,301 971,293 1018,269 1029,275 1040,266 1062,269 1076,281 1111,262 1162,277 1204,262 1221,269 1243,265 1257,277 1269,269 1315,269 1332,285 1378,262 1385,269 1427,269 1440,280 1464,273 1479,285 1510,276 1532,288 1574,254 1590,269 1629,253 1691,269 1738,249 1749,257 1800,249 1814,258 1869,245 1894,261 1940,241 1963,245 1972,239 1995,259 1995,299 1986,308 1900,297 1867,324 1854,326 1781,305 1749,322 1695,305 1642,322 1626,309 1609,315 1582,309 1563,319 1536,309 1513,324 1495,313 1467,313 1435,332 1415,335 1388,324 1372,328 1360,316 1341,326 1310,324 1285,343 1258,321 1237,327 1225,320 1214,331 1175,328 1160,335 1145,328 1133,340 1082,336 1055,324 1027,340 1006,335 989,348 961,340 950,351 931,347 897,363 876,348 838,352 814,335 780,351 743,340 710,369 672,336 637,340 603,363 573,340 560,340 545,355 479,351 467,360 455,352 418,364 391,348 363,348 339,356 310,383 296,382 272,359 237,364 215,382 199,383 176,360 126,394"/>
            </Shape>
            <String ID="line_2608e5a2-fd80-4ae1-9a86-73573cf58e39-dummy-Word" HEIGHT="155" WIDTH="1869" HPOS="126" VPOS="239" CONTENT="lingen wy ons ter rust begeven; my viel eene kamer alleen te beurt doch ook">
              <Shape>
                <Polygon POINTS="126,316 155,306 182,328 206,309 257,309 268,301 284,301 304,314 324,305 348,309 372,289 382,296 398,293 415,308 444,293 494,301 515,289 533,301 547,289 576,296 594,285 615,285 635,304 663,277 687,294 727,293 747,278 796,285 826,273 846,289 883,285 914,304 927,293 943,301 971,293 1018,269 1029,275 1040,266 1062,269 1076,281 1111,262 1162,277 1204,262 1221,269 1243,265 1257,277 1269,269 1315,269 1332,285 1378,262 1385,269 1427,269 1440,280 1464,273 1479,285 1510,276 1532,288 1574,254 1590,269 1629,253 1691,269 1738,249 1749,257 1800,249 1814,258 1869,245 1894,261 1940,241 1963,245 1972,239 1995,259 1995,299 1986,308 1900,297 1867,324 1854,326 1781,305 1749,322 1695,305 1642,322 1626,309 1609,315 1582,309 1563,319 1536,309 1513,324 1495,313 1467,313 1435,332 1415,335 1388,324 1372,328 1360,316 1341,326 1310,324 1285,343 1258,321 1237,327 1225,320 1214,331 1175,328 1160,335 1145,328 1133,340 1082,336 1055,324 1027,340 1006,335 989,348 961,340 950,351 931,347 897,363 876,348 838,352 814,335 780,351 743,340 710,369 672,336 637,340 603,363 573,340 560,340 545,355 479,351 467,360 455,352 418,364 391,348 363,348 339,356 310,383 296,382 272,359 237,364 215,382 199,383 176,360 126,394"/>
              </Shape>
            </String>
          </TextLine>
          <TextLine ID="line_7bbfabb6-703e-4415-8f4d-0b4bab6dd852" HEIGHT="160" WIDTH="1878" HPOS="127" VPOS="298" STYLEREFS="textstyle-None---sans-serif---proportional---None---None---None">
            <Shape>
              <Polygon POINTS="127,394 166,362 193,385 209,385 238,365 269,357 299,385 310,385 326,373 359,366 385,346 417,365 429,358 440,365 497,346 509,354 578,346 590,353 610,342 640,349 670,338 710,370 740,342 765,350 787,334 816,334 825,342 838,338 868,361 879,353 903,365 931,346 951,349 979,329 998,341 1007,334 1020,341 1060,331 1101,334 1128,346 1144,330 1202,334 1210,326 1235,323 1262,338 1273,330 1292,337 1321,322 1343,326 1354,319 1376,334 1384,326 1400,330 1432,315 1444,320 1480,311 1551,311 1569,322 1583,314 1593,322 1635,314 1648,324 1675,318 1687,306 1731,322 1740,314 1758,318 1768,310 1800,307 1822,322 1866,326 1901,299 1924,310 1943,298 1988,318 2005,313 2005,352 1995,361 1978,351 1937,351 1929,358 1896,351 1860,386 1837,379 1817,359 1802,367 1776,361 1742,379 1708,359 1692,374 1675,366 1647,380 1626,366 1599,375 1573,370 1558,382 1546,378 1525,398 1496,398 1480,390 1462,394 1425,378 1372,383 1357,396 1340,385 1308,396 1268,375 1255,375 1218,399 1200,388 1177,394 1160,382 1130,399 1116,398 1101,383 1063,383 1043,399 984,398 961,390 921,423 883,391 869,402 858,391 842,391 834,399 801,395 791,401 781,395 759,407 728,398 700,422 664,411 651,422 581,411 557,422 511,406 439,431 410,414 367,438 326,414 312,419 296,411 252,430 239,418 217,418 171,454 160,447 146,458 127,454"/>
            </Shape>
            <String ID="line_7bbfabb6-703e-4415-8f4d-0b4bab6dd852-dummy-Word" HEIGHT="160" WIDTH="1878" HPOS="127" VPOS="298" CONTENT="daardoor kreco moest ik eene grootere schrik uitstaandan misschien">
              <Shape>
                <Polygon POINTS="127,394 166,362 193,385 209,385 238,365 269,357 299,385 310,385 326,373 359,366 385,346 417,365 429,358 440,365 497,346 509,354 578,346 590,353 610,342 640,349 670,338 710,370 740,342 765,350 787,334 816,334 825,342 838,338 868,361 879,353 903,365 931,346 951,349 979,329 998,341 1007,334 1020,341 1060,331 1101,334 1128,346 1144,330 1202,334 1210,326 1235,323 1262,338 1273,330 1292,337 1321,322 1343,326 1354,319 1376,334 1384,326 1400,330 1432,315 1444,320 1480,311 1551,311 1569,322 1583,314 1593,322 1635,314 1648,324 1675,318 1687,306 1731,322 1740,314 1758,318 1768,310 1800,307 1822,322 1866,326 1901,299 1924,310 1943,298 1988,318 2005,313 2005,352 1995,361 1978,351 1937,351 1929,358 1896,351 1860,386 1837,379 1817,359 1802,367 1776,361 1742,379 1708,359 1692,374 1675,366 1647,380 1626,366 1599,375 1573,370 1558,382 1546,378 1525,398 1496,398 1480,390 1462,394 1425,378 1372,383 1357,396 1340,385 1308,396 1268,375 1255,375 1218,399 1200,388 1177,394 1160,382 1130,399 1116,398 1101,383 1063,383 1043,399 984,398 961,390 921,423 883,391 869,402 858,391 842,391 834,399 801,395 791,401 781,395 759,407 728,398 700,422 664,411 651,422 581,411 557,422 511,406 439,431 410,414 367,438 326,414 312,419 296,411 252,430 239,418 217,418 171,454 160,447 146,458 127,454"/>
              </Shape>
            </String>
          </TextLine>
          <TextLine ID="line_50587f9f-02c8-47bb-a20e-4b554b975652" HEIGHT="149" WIDTH="1879" HPOS="128" VPOS="349" STYLEREFS="textstyle-None---sans-serif---proportional---None---None---None">
            <Shape>
              <Polygon POINTS="128,422 147,417 164,428 174,420 189,427 226,417 251,432 279,425 292,413 310,421 319,413 334,428 367,437 405,412 436,432 508,405 524,412 545,404 562,420 592,413 623,429 645,413 703,420 730,397 771,409 783,397 803,393 867,403 880,390 910,420 922,421 949,397 974,389 990,396 1006,388 1030,400 1062,385 1098,381 1125,400 1160,396 1175,381 1210,393 1230,377 1238,384 1271,377 1300,397 1326,381 1340,381 1357,395 1388,373 1441,386 1469,369 1480,380 1493,376 1526,397 1546,377 1562,380 1574,369 1616,383 1644,364 1670,376 1702,369 1713,380 1734,372 1747,385 1769,365 1804,388 1829,389 1846,380 1865,382 1894,353 1927,357 1941,349 1978,353 2002,372 2007,369 2007,407 1965,412 1945,427 1927,412 1911,424 1882,424 1863,435 1841,427 1813,452 1763,440 1748,443 1736,431 1668,424 1650,436 1625,439 1606,439 1598,431 1588,439 1572,431 1513,440 1503,435 1447,463 1420,463 1387,447 1375,459 1352,464 1339,452 1323,455 1306,440 1289,447 1265,440 1222,463 1199,444 1157,444 1118,475 1098,463 1072,467 1055,455 1015,455 1002,467 968,475 948,456 896,459 847,452 820,467 782,460 750,471 732,460 634,460 621,468 606,464 585,479 560,467 532,471 524,479 462,467 432,479 384,471 353,491 320,487 301,475 285,483 262,479 252,487 234,479 198,495 169,486 139,498 128,495"/>
            </Shape>
            <String ID="line_50587f9f-02c8-47bb-a20e-4b554b975652-dummy-Word" HEIGHT="149" WIDTH="1879" HPOS="128" VPOS="349" CONTENT="wet indien wy er twee a drie sterk geslapen hadden verbeeldt en myn vriend">
              <Shape>
                <Polygon POINTS="128,422 147,417 164,428 174,420 189,427 226,417 251,432 279,425 292,413 310,421 319,413 334,428 367,437 405,412 436,432 508,405 524,412 545,404 562,420 592,413 623,429 645,413 703,420 730,397 771,409 783,397 803,393 867,403 880,390 910,420 922,421 949,397 974,389 990,396 1006,388 1030,400 1062,385 1098,381 1125,400 1160,396 1175,381 1210,393 1230,377 1238,384 1271,377 1300,397 1326,381 1340,381 1357,395 1388,373 1441,386 1469,369 1480,380 1493,376 1526,397 1546,377 1562,380 1574,369 1616,383 1644,364 1670,376 1702,369 1713,380 1734,372 1747,385 1769,365 1804,388 1829,389 1846,380 1865,382 1894,353 1927,357 1941,349 1978,353 2002,372 2007,369 2007,407 1965,412 1945,427 1927,412 1911,424 1882,424 1863,435 1841,427 1813,452 1763,440 1748,443 1736,431 1668,424 1650,436 1625,439 1606,439 1598,431 1588,439 1572,431 1513,440 1503,435 1447,463 1420,463 1387,447 1375,459 1352,464 1339,452 1323,455 1306,440 1289,447 1265,440 1222,463 1199,444 1157,444 1118,475 1098,463 1072,467 1055,455 1015,455 1002,467 968,475 948,456 896,459 847,452 820,467 782,460 750,471 732,460 634,460 621,468 606,464 585,479 560,467 532,471 524,479 462,467 432,479 384,471 353,491 320,487 301,475 285,483 262,479 252,487 234,479 198,495 169,486 139,498 128,495"/>
              </Shape>
            </String>
          </TextLine>
          <TextLine ID="line_2b605931-6368-45bb-aa2e-ce44f3d9bb52" HEIGHT="158" WIDTH="1884" HPOS="127" VPOS="411" STYLEREFS="textstyle-None---sans-serif---proportional---None---None---None">
            <Shape>
              <Polygon POINTS="127,503 153,512 181,487 201,495 236,479 284,486 308,475 328,487 357,471 418,474 428,467 436,475 464,467 471,474 496,471 524,480 547,463 573,463 592,474 604,463 625,470 642,459 677,463 703,456 715,463 733,459 751,470 767,460 796,459 811,470 864,451 888,470 922,454 941,459 947,453 971,475 1003,467 1016,454 1028,458 1043,451 1074,466 1098,462 1118,475 1155,443 1201,444 1224,462 1264,439 1292,439 1325,455 1335,450 1351,463 1366,464 1389,446 1405,458 1410,453 1423,463 1447,463 1505,434 1514,439 1573,430 1589,438 1597,431 1625,438 1651,435 1669,423 1737,430 1751,443 1763,439 1813,451 1838,427 1864,434 1883,423 1911,423 1927,411 1943,426 1976,411 1999,434 2011,434 2011,474 1992,493 1982,485 1953,485 1939,493 1896,485 1865,500 1840,486 1802,511 1754,493 1728,513 1701,486 1678,486 1644,501 1609,501 1601,493 1570,506 1556,501 1532,521 1504,510 1468,521 1438,494 1408,505 1373,498 1355,513 1338,509 1294,525 1235,502 1180,533 1164,533 1119,506 1051,533 1036,525 998,533 978,521 960,533 928,533 920,525 888,533 864,514 837,514 810,533 795,536 779,526 759,540 726,533 715,544 708,537 651,541 631,527 621,533 610,529 594,545 564,557 516,540 502,541 486,557 468,550 460,557 435,541 425,549 404,539 397,545 375,541 367,549 332,541 302,569 287,556 230,557 208,541 200,549 165,545 138,568 127,564"/>
            </Shape>
            <String ID="line_2b605931-6368-45bb-aa2e-ce44f3d9bb52-dummy-Word" HEIGHT="158" WIDTH="1884" HPOS="127" VPOS="411" CONTENT="dat ik geheel uitgekleed, na het uitdoen der kaars, op bed stappende plots„">
              <Shape>
                <Polygon POINTS="127,503 153,512 181,487 201,495 236,479 284,486 308,475 328,487 357,471 418,474 428,467 436,475 464,467 471,474 496,471 524,480 547,463 573,463 592,474 604,463 625,470 642,459 677,463 703,456 715,463 733,459 751,470 767,460 796,459 811,470 864,451 888,470 922,454 941,459 947,453 971,475 1003,467 1016,454 1028,458 1043,451 1074,466 1098,462 1118,475 1155,443 1201,444 1224,462 1264,439 1292,439 1325,455 1335,450 1351,463 1366,464 1389,446 1405,458 1410,453 1423,463 1447,463 1505,434 1514,439 1573,430 1589,438 1597,431 1625,438 1651,435 1669,423 1737,430 1751,443 1763,439 1813,451 1838,427 1864,434 1883,423 1911,423 1927,411 1943,426 1976,411 1999,434 2011,434 2011,474 1992,493 1982,485 1953,485 1939,493 1896,485 1865,500 1840,486 1802,511 1754,493 1728,513 1701,486 1678,486 1644,501 1609,501 1601,493 1570,506 1556,501 1532,521 1504,510 1468,521 1438,494 1408,505 1373,498 1355,513 1338,509 1294,525 1235,502 1180,533 1164,533 1119,506 1051,533 1036,525 998,533 978,521 960,533 928,533 920,525 888,533 864,514 837,514 810,533 795,536 779,526 759,540 726,533 715,544 708,537 651,541 631,527 621,533 610,529 594,545 564,557 516,540 502,541 486,557 468,550 460,557 435,541 425,549 404,539 397,545 375,541 367,549 332,541 302,569 287,556 230,557 208,541 200,549 165,545 138,568 127,564"/>
              </Shape>
            </String>
          </TextLine>
          <TextLine ID="a84f67ac-2116-4823-b5a4-607e3a21b4c4" HEIGHT="161" WIDTH="1865" HPOS="135" VPOS="482" STYLEREFS="textstyle-None---sans-serif---proportional---None---None---None">
            <Shape>
              <Polygon POINTS="135,570 167,546 198,550 206,542 230,558 257,562 268,555 297,570 333,542 358,554 398,534 415,550 436,545 455,557 508,541 580,549 610,530 623,534 630,527 651,542 693,538 716,544 749,522 787,534 810,514 832,522 859,514 901,542 920,526 928,534 991,524 1003,533 1021,526 1056,530 1112,507 1133,510 1166,534 1182,534 1203,518 1232,514 1240,506 1259,507 1282,526 1296,526 1353,502 1401,498 1412,506 1437,494 1471,522 1493,506 1535,517 1550,502 1567,510 1594,494 1610,502 1643,502 1658,487 1687,497 1702,487 1725,510 1755,494 1782,510 1807,510 1824,494 1861,502 1896,482 1925,494 1976,483 1990,494 2000,492 2000,531 1976,553 1969,549 1947,560 1914,533 1887,557 1854,549 1827,565 1788,538 1770,553 1751,557 1721,549 1711,556 1695,542 1675,550 1665,542 1633,542 1597,565 1568,553 1551,557 1535,573 1503,553 1490,554 1460,573 1435,577 1407,555 1337,557 1329,565 1296,562 1289,569 1243,564 1222,573 1176,561 1162,573 1154,565 1136,569 1108,593 1102,589 1086,602 1075,596 1060,608 991,569 920,613 904,612 870,585 860,587 846,577 810,585 788,581 778,588 764,581 753,592 723,586 711,593 701,585 672,597 653,588 636,597 612,589 575,600 564,590 536,600 523,592 512,598 492,593 435,639 386,601 363,608 337,601 314,620 294,608 258,620 249,612 214,643 179,609 150,628 135,620"/>
            </Shape>
            <String ID="a84f67ac-2116-4823-b5a4-607e3a21b4c4-dummy-Word" HEIGHT="161" WIDTH="1865" HPOS="135" VPOS="482" CONTENT="ling met de gansche onderlaag naar beneden viel; my een weinig opzig">
              <Shape>
                <Polygon POINTS="135,570 167,546 198,550 206,542 230,558 257,562 268,555 297,570 333,542 358,554 398,534 415,550 436,545 455,557 508,541 580,549 610,530 623,534 630,527 651,542 693,538 716,544 749,522 787,534 810,514 832,522 859,514 901,542 920,526 928,534 991,524 1003,533 1021,526 1056,530 1112,507 1133,510 1166,534 1182,534 1203,518 1232,514 1240,506 1259,507 1282,526 1296,526 1353,502 1401,498 1412,506 1437,494 1471,522 1493,506 1535,517 1550,502 1567,510 1594,494 1610,502 1643,502 1658,487 1687,497 1702,487 1725,510 1755,494 1782,510 1807,510 1824,494 1861,502 1896,482 1925,494 1976,483 1990,494 2000,492 2000,531 1976,553 1969,549 1947,560 1914,533 1887,557 1854,549 1827,565 1788,538 1770,553 1751,557 1721,549 1711,556 1695,542 1675,550 1665,542 1633,542 1597,565 1568,553 1551,557 1535,573 1503,553 1490,554 1460,573 1435,577 1407,555 1337,557 1329,565 1296,562 1289,569 1243,564 1222,573 1176,561 1162,573 1154,565 1136,569 1108,593 1102,589 1086,602 1075,596 1060,608 991,569 920,613 904,612 870,585 860,587 846,577 810,585 788,581 778,588 764,581 753,592 723,586 711,593 701,585 672,597 653,588 636,597 612,589 575,600 564,590 536,600 523,592 512,598 492,593 435,639 386,601 363,608 337,601 314,620 294,608 258,620 249,612 214,643 179,609 150,628 135,620"/>
              </Shape>
            </String>
          </TextLine>
          <TextLine ID="line_4cd3faeb-7e62-40e3-ae57-1c8ebb95bd37" HEIGHT="166" WIDTH="1836" HPOS="132" VPOS="531" STYLEREFS="textstyle-None---sans-serif---proportional---None---None---None">
            <Shape>
              <Polygon POINTS="132,639 162,616 182,614 215,641 261,603 285,618 314,619 337,599 387,599 436,635 493,591 512,597 518,591 561,591 585,601 604,591 633,598 653,586 671,598 701,583 753,591 762,583 780,587 791,579 815,587 857,575 919,614 994,567 1053,603 1090,586 1108,592 1152,563 1163,573 1186,559 1202,566 1212,559 1265,555 1284,570 1311,575 1342,558 1378,554 1393,563 1406,554 1424,570 1449,575 1472,572 1491,555 1509,558 1533,575 1553,555 1575,550 1597,566 1637,539 1671,539 1700,562 1727,535 1743,535 1767,554 1786,538 1822,567 1853,550 1861,558 1886,558 1915,531 1935,531 1942,538 1960,534 1968,542 1963,587 1946,582 1937,589 1898,589 1860,625 1844,612 1824,625 1787,611 1763,625 1743,605 1711,598 1694,613 1667,606 1647,621 1632,621 1604,605 1576,621 1540,604 1487,621 1464,613 1424,645 1392,622 1370,633 1354,621 1290,625 1278,618 1235,633 1223,629 1203,645 1156,633 1143,641 1126,633 1017,630 996,639 968,634 948,649 926,634 896,645 828,638 800,660 789,649 776,655 739,645 731,653 712,653 700,645 666,661 637,661 620,649 604,656 583,649 558,669 530,657 480,665 461,657 409,670 398,661 381,676 368,669 337,693 314,684 298,697 265,676 241,676 222,689 178,670 145,685 132,681"/>
            </Shape>
            <String ID="line_4cd3faeb-7e62-40e3-ae57-1c8ebb95bd37-dummy-Word" HEIGHT="166" WIDTH="1836" HPOS="132" VPOS="531" CONTENT="tende wierd het niet beter daar toen de andere zyde ook los ging &amp;">
              <Shape>
                <Polygon POINTS="132,639 162,616 182,614 215,641 261,603 285,618 314,619 337,599 387,599 436,635 493,591 512,597 518,591 561,591 585,601 604,591 633,598 653,586 671,598 701,583 753,591 762,583 780,587 791,579 815,587 857,575 919,614 994,567 1053,603 1090,586 1108,592 1152,563 1163,573 1186,559 1202,566 1212,559 1265,555 1284,570 1311,575 1342,558 1378,554 1393,563 1406,554 1424,570 1449,575 1472,572 1491,555 1509,558 1533,575 1553,555 1575,550 1597,566 1637,539 1671,539 1700,562 1727,535 1743,535 1767,554 1786,538 1822,567 1853,550 1861,558 1886,558 1915,531 1935,531 1942,538 1960,534 1968,542 1963,587 1946,582 1937,589 1898,589 1860,625 1844,612 1824,625 1787,611 1763,625 1743,605 1711,598 1694,613 1667,606 1647,621 1632,621 1604,605 1576,621 1540,604 1487,621 1464,613 1424,645 1392,622 1370,633 1354,621 1290,625 1278,618 1235,633 1223,629 1203,645 1156,633 1143,641 1126,633 1017,630 996,639 968,634 948,649 926,634 896,645 828,638 800,660 789,649 776,655 739,645 731,653 712,653 700,645 666,661 637,661 620,649 604,656 583,649 558,669 530,657 480,665 461,657 409,670 398,661 381,676 368,669 337,693 314,684 298,697 265,676 241,676 222,689 178,670 145,685 132,681"/>
              </Shape>
            </String>
          </TextLine>
          <TextLine ID="dbf855fa-5980-44be-b917-dff33c8565ce" HEIGHT="170" WIDTH="1839" HPOS="132" VPOS="585" STYLEREFS="textstyle-None---sans-serif---proportional---None---None---None">
            <Shape>
              <Polygon POINTS="132,688 178,670 215,688 269,671 287,689 302,690 326,673 346,681 365,669 381,675 398,662 419,669 428,660 472,660 483,653 542,660 558,669 584,649 621,648 639,660 652,654 662,661 700,645 717,653 745,644 771,664 789,653 801,661 828,637 864,637 891,648 903,637 924,633 952,644 977,638 990,645 1018,629 1141,637 1158,628 1222,648 1254,621 1317,617 1353,621 1375,633 1393,626 1425,644 1472,613 1485,622 1534,603 1581,616 1595,604 1610,605 1639,621 1666,605 1695,612 1713,600 1731,608 1752,597 1773,617 1788,612 1823,624 1841,617 1854,628 1907,585 1940,586 1971,606 1971,644 1958,652 1946,648 1934,659 1914,644 1889,663 1860,663 1852,671 1806,655 1781,666 1759,655 1746,663 1724,655 1715,663 1698,656 1657,663 1593,660 1581,670 1567,663 1534,664 1516,679 1491,671 1482,679 1469,668 1431,679 1419,675 1406,687 1384,676 1360,676 1347,687 1310,676 1297,687 1261,680 1225,699 1197,683 1168,711 1139,687 1122,695 1112,691 1086,707 1041,691 998,705 982,692 970,692 961,699 954,693 943,703 932,695 907,696 882,711 862,707 844,723 800,700 767,703 741,717 714,707 684,707 666,719 650,711 606,711 571,723 554,711 502,736 468,719 444,728 434,723 396,755 377,747 358,750 335,727 321,735 311,727 266,727 246,731 234,743 209,731 188,747 159,735 132,743"/>
            </Shape>
            <String ID="dbf855fa-5980-44be-b917-dff33c8565ce-dummy-Word" HEIGHT="170" WIDTH="1839" HPOS="132" VPOS="585" CONTENT="ik in een afgrond meende neder te vallen: op dit geraas kwam er iemand">
              <Shape>
                <Polygon POINTS="132,688 178,670 215,688 269,671 287,689 302,690 326,673 346,681 365,669 381,675 398,662 419,669 428,660 472,660 483,653 542,660 558,669 584,649 621,648 639,660 652,654 662,661 700,645 717,653 745,644 771,664 789,653 801,661 828,637 864,637 891,648 903,637 924,633 952,644 977,638 990,645 1018,629 1141,637 1158,628 1222,648 1254,621 1317,617 1353,621 1375,633 1393,626 1425,644 1472,613 1485,622 1534,603 1581,616 1595,604 1610,605 1639,621 1666,605 1695,612 1713,600 1731,608 1752,597 1773,617 1788,612 1823,624 1841,617 1854,628 1907,585 1940,586 1971,606 1971,644 1958,652 1946,648 1934,659 1914,644 1889,663 1860,663 1852,671 1806,655 1781,666 1759,655 1746,663 1724,655 1715,663 1698,656 1657,663 1593,660 1581,670 1567,663 1534,664 1516,679 1491,671 1482,679 1469,668 1431,679 1419,675 1406,687 1384,676 1360,676 1347,687 1310,676 1297,687 1261,680 1225,699 1197,683 1168,711 1139,687 1122,695 1112,691 1086,707 1041,691 998,705 982,692 970,692 961,699 954,693 943,703 932,695 907,696 882,711 862,707 844,723 800,700 767,703 741,717 714,707 684,707 666,719 650,711 606,711 571,723 554,711 502,736 468,719 444,728 434,723 396,755 377,747 358,750 335,727 321,735 311,727 266,727 246,731 234,743 209,731 188,747 159,735 132,743"/>
              </Shape>
            </String>
          </TextLine>
          <TextLine ID="line_758c8b50-32a3-4f3c-9b5c-b4e960e2e057" HEIGHT="149" WIDTH="1873" HPOS="130" VPOS="651" STYLEREFS="textstyle-None---sans-serif---proportional---None---None---None">
            <Shape>
              <Polygon POINTS="130,728 147,741 160,737 172,748 188,748 210,733 236,742 249,729 274,736 281,729 294,734 304,725 316,732 333,725 360,752 378,745 394,755 412,745 424,752 462,717 474,717 503,737 524,726 531,732 547,717 596,728 632,709 663,717 671,709 706,705 745,717 766,701 795,697 842,716 877,701 896,704 910,693 944,701 978,689 998,704 1034,693 1046,703 1063,686 1077,686 1092,701 1139,686 1167,713 1203,682 1246,693 1263,678 1288,686 1319,674 1346,689 1371,677 1405,697 1440,670 1502,677 1514,666 1525,670 1536,662 1607,661 1614,668 1626,658 1669,661 1691,654 1706,663 1725,657 1743,669 1761,651 1790,669 1799,661 1822,665 1852,653 1865,665 1906,658 1920,670 1933,658 1975,669 2003,662 2003,702 1951,745 1899,706 1872,713 1864,706 1785,706 1777,714 1746,710 1692,742 1635,714 1588,730 1568,718 1508,733 1455,725 1431,742 1400,729 1384,742 1357,730 1336,730 1329,737 1302,734 1281,749 1260,734 1231,734 1190,761 1174,753 1158,758 1141,742 1122,750 1083,742 1042,766 1009,774 972,766 951,786 913,757 867,750 845,768 815,754 778,761 755,781 731,759 707,777 697,770 674,773 664,763 621,766 604,781 547,789 531,782 509,798 480,794 457,774 433,774 420,786 349,782 326,799 292,798 255,786 208,786 197,797 189,789 162,790 152,800 130,790"/>
            </Shape>
            <String ID="line_758c8b50-32a3-4f3c-9b5c-b4e960e2e057-dummy-Word" HEIGHT="149" WIDTH="1873" HPOS="130" VPOS="651" CONTENT="net licht binnen, &amp;, na alles onderzogt te hebben, besloot ik om zoo laag">
              <Shape>
                <Polygon POINTS="130,728 147,741 160,737 172,748 188,748 210,733 236,742 249,729 274,736 281,729 294,734 304,725 316,732 333,725 360,752 378,745 394,755 412,745 424,752 462,717 474,717 503,737 524,726 531,732 547,717 596,728 632,709 663,717 671,709 706,705 745,717 766,701 795,697 842,716 877,701 896,704 910,693 944,701 978,689 998,704 1034,693 1046,703 1063,686 1077,686 1092,701 1139,686 1167,713 1203,682 1246,693 1263,678 1288,686 1319,674 1346,689 1371,677 1405,697 1440,670 1502,677 1514,666 1525,670 1536,662 1607,661 1614,668 1626,658 1669,661 1691,654 1706,663 1725,657 1743,669 1761,651 1790,669 1799,661 1822,665 1852,653 1865,665 1906,658 1920,670 1933,658 1975,669 2003,662 2003,702 1951,745 1899,706 1872,713 1864,706 1785,706 1777,714 1746,710 1692,742 1635,714 1588,730 1568,718 1508,733 1455,725 1431,742 1400,729 1384,742 1357,730 1336,730 1329,737 1302,734 1281,749 1260,734 1231,734 1190,761 1174,753 1158,758 1141,742 1122,750 1083,742 1042,766 1009,774 972,766 951,786 913,757 867,750 845,768 815,754 778,761 755,781 731,759 707,777 697,770 674,773 664,763 621,766 604,781 547,789 531,782 509,798 480,794 457,774 433,774 420,786 349,782 326,799 292,798 255,786 208,786 197,797 189,789 162,790 152,800 130,790"/>
              </Shape>
            </String>
          </TextLine>
          <TextLine ID="line_3832fdd5-e791-4117-b4fc-9833361f6338" HEIGHT="150" WIDTH="1827" HPOS="132" VPOS="704" STYLEREFS="textstyle-None---sans-serif---proportional---None---None---None">
            <Shape>
              <Polygon POINTS="132,795 149,803 164,788 202,792 218,784 253,784 327,799 371,776 403,787 454,775 477,787 493,772 515,772 551,791 559,783 606,780 626,764 671,764 705,776 736,764 757,780 788,760 829,756 846,768 871,752 887,759 905,752 948,767 986,763 1002,772 1031,771 1090,741 1115,763 1147,767 1190,748 1199,755 1218,736 1261,736 1284,748 1297,736 1318,732 1336,740 1344,732 1368,731 1384,740 1399,728 1426,748 1450,724 1489,731 1500,720 1519,727 1529,720 1545,726 1563,720 1579,732 1638,713 1674,743 1690,744 1748,708 1781,720 1793,708 1830,715 1851,704 1866,716 1880,704 1939,704 1954,719 1959,716 1959,755 1947,755 1928,770 1906,766 1895,774 1859,759 1830,759 1794,771 1748,763 1714,770 1692,791 1667,798 1657,798 1641,782 1590,790 1573,776 1524,806 1508,806 1470,780 1422,786 1380,810 1373,804 1278,807 1261,798 1244,810 1227,799 1211,810 1194,810 1169,795 1157,807 1144,803 1113,830 1096,830 1062,802 1042,814 919,818 891,844 865,846 815,811 792,811 766,834 742,829 728,838 719,830 697,837 678,818 650,822 609,846 554,833 543,838 525,826 385,834 352,854 324,854 296,834 266,846 249,842 241,850 225,838 178,838 160,846 132,838"/>
            </Shape>
            <String ID="line_3832fdd5-e791-4117-b4fc-9833361f6338-dummy-Word" HEIGHT="150" WIDTH="1827" HPOS="132" VPOS="704" CONTENT="het bed ook ware maar te gaan slapen &amp; dit gelukte my weldra">
              <Shape>
                <Polygon POINTS="132,795 149,803 164,788 202,792 218,784 253,784 327,799 371,776 403,787 454,775 477,787 493,772 515,772 551,791 559,783 606,780 626,764 671,764 705,776 736,764 757,780 788,760 829,756 846,768 871,752 887,759 905,752 948,767 986,763 1002,772 1031,771 1090,741 1115,763 1147,767 1190,748 1199,755 1218,736 1261,736 1284,748 1297,736 1318,732 1336,740 1344,732 1368,731 1384,740 1399,728 1426,748 1450,724 1489,731 1500,720 1519,727 1529,720 1545,726 1563,720 1579,732 1638,713 1674,743 1690,744 1748,708 1781,720 1793,708 1830,715 1851,704 1866,716 1880,704 1939,704 1954,719 1959,716 1959,755 1947,755 1928,770 1906,766 1895,774 1859,759 1830,759 1794,771 1748,763 1714,770 1692,791 1667,798 1657,798 1641,782 1590,790 1573,776 1524,806 1508,806 1470,780 1422,786 1380,810 1373,804 1278,807 1261,798 1244,810 1227,799 1211,810 1194,810 1169,795 1157,807 1144,803 1113,830 1096,830 1062,802 1042,814 919,818 891,844 865,846 815,811 792,811 766,834 742,829 728,838 719,830 697,837 678,818 650,822 609,846 554,833 543,838 525,826 385,834 352,854 324,854 296,834 266,846 249,842 241,850 225,838 178,838 160,846 132,838"/>
              </Shape>
            </String>
          </TextLine>
          <TextLine ID="c88a2362-c736-4382-bc78-b7e10d5286ae" HEIGHT="170" WIDTH="1872" HPOS="128" VPOS="760" STYLEREFS="textstyle-None---sans-serif---proportional---None---None---None">
            <Shape>
              <Polygon POINTS="128,828 158,847 165,840 178,847 218,836 236,844 254,836 286,836 298,847 324,835 351,852 381,836 413,839 424,828 431,835 446,828 477,834 501,828 513,838 526,827 541,836 557,828 602,828 626,839 637,828 686,827 698,836 718,832 733,843 765,812 781,820 802,812 816,822 827,816 853,835 874,836 884,845 920,816 965,810 982,827 1015,809 1031,807 1042,815 1081,808 1092,817 1113,802 1134,819 1175,796 1201,811 1232,792 1311,809 1332,789 1350,788 1365,803 1396,807 1425,784 1453,780 1475,780 1490,795 1502,796 1510,788 1526,791 1572,776 1586,787 1598,783 1613,791 1632,773 1670,796 1678,788 1691,791 1719,764 1764,764 1773,771 1797,760 1806,768 1844,767 1854,774 1876,760 1909,772 1935,764 1947,772 1982,764 2000,772 2000,811 1979,823 1962,814 1882,815 1875,822 1840,819 1813,833 1803,823 1752,823 1725,839 1705,839 1667,863 1630,831 1608,846 1599,839 1533,862 1440,842 1430,849 1417,846 1405,858 1398,854 1384,866 1372,854 1356,858 1329,843 1310,854 1303,847 1285,847 1273,858 1255,851 1234,854 1216,870 1196,870 1151,851 1070,886 1036,862 977,859 925,878 907,867 889,870 873,886 821,878 797,886 774,905 762,894 739,896 721,886 704,901 683,906 657,893 633,897 619,884 603,894 570,890 561,882 462,886 454,894 414,886 381,910 364,910 341,930 289,921 267,929 213,897 183,894 159,917 128,930"/>
            </Shape>
            <String ID="c88a2362-c736-4382-bc78-b7e10d5286ae-dummy-Word" HEIGHT="170" WIDTH="1872" HPOS="128" VPOS="760" CONTENT="tot vroeg in de morgen toen men ons kwam wekken en wi de reis ver¬">
              <Shape>
                <Polygon POINTS="128,828 158,847 165,840 178,847 218,836 236,844 254,836 286,836 298,847 324,835 351,852 381,836 413,839 424,828 431,835 446,828 477,834 501,828 513,838 526,827 541,836 557,828 602,828 626,839 637,828 686,827 698,836 718,832 733,843 765,812 781,820 802,812 816,822 827,816 853,835 874,836 884,845 920,816 965,810 982,827 1015,809 1031,807 1042,815 1081,808 1092,817 1113,802 1134,819 1175,796 1201,811 1232,792 1311,809 1332,789 1350,788 1365,803 1396,807 1425,784 1453,780 1475,780 1490,795 1502,796 1510,788 1526,791 1572,776 1586,787 1598,783 1613,791 1632,773 1670,796 1678,788 1691,791 1719,764 1764,764 1773,771 1797,760 1806,768 1844,767 1854,774 1876,760 1909,772 1935,764 1947,772 1982,764 2000,772 2000,811 1979,823 1962,814 1882,815 1875,822 1840,819 1813,833 1803,823 1752,823 1725,839 1705,839 1667,863 1630,831 1608,846 1599,839 1533,862 1440,842 1430,849 1417,846 1405,858 1398,854 1384,866 1372,854 1356,858 1329,843 1310,854 1303,847 1285,847 1273,858 1255,851 1234,854 1216,870 1196,870 1151,851 1070,886 1036,862 977,859 925,878 907,867 889,870 873,886 821,878 797,886 774,905 762,894 739,896 721,886 704,901 683,906 657,893 633,897 619,884 603,894 570,890 561,882 462,886 454,894 414,886 381,910 364,910 341,930 289,921 267,929 213,897 183,894 159,917 128,930"/>
              </Shape>
            </String>
          </TextLine>
          <TextLine ID="line_325af036-5113-43f0-bcf2-b9acdb4becb0" HEIGHT="173" WIDTH="1892" HPOS="124" VPOS="811" STYLEREFS="textstyle-None---sans-serif---proportional---None---None---None">
            <Shape>
              <Polygon POINTS="124,933 158,918 183,895 212,898 267,929 317,922 341,930 365,910 381,910 423,886 453,895 462,887 561,883 603,895 619,885 633,898 657,894 677,906 704,902 721,887 749,898 761,894 773,906 822,878 845,887 874,886 890,870 906,867 926,878 977,859 1037,863 1064,886 1079,886 1151,851 1209,871 1239,851 1262,863 1296,843 1319,851 1335,843 1356,858 1388,859 1400,851 1424,856 1445,839 1456,844 1468,835 1489,843 1542,835 1555,843 1591,831 1608,846 1628,829 1667,863 1704,839 1725,839 1739,827 1773,829 1791,819 1818,832 1859,815 1900,815 1911,823 1939,811 1952,811 1971,826 1991,813 2016,823 2016,863 2003,876 1993,878 1978,867 1943,893 1883,895 1831,875 1787,903 1768,890 1748,898 1717,929 1668,889 1602,893 1591,902 1583,894 1540,894 1497,910 1472,898 1415,902 1388,921 1360,907 1337,906 1324,918 1300,918 1261,953 1235,953 1215,941 1185,937 1164,941 1128,927 1104,949 1082,941 1062,949 1024,926 1010,933 967,933 951,949 912,933 884,949 859,946 838,960 812,964 785,964 756,941 665,941 635,960 610,965 553,949 512,984 484,972 456,980 424,969 382,980 340,957 279,980 262,980 234,960 215,968 138,961 124,975"/>
            </Shape>
            <String ID="line_325af036-5113-43f0-bcf2-b9acdb4becb0-dummy-Word" HEIGHT="173" WIDTH="1892" HPOS="124" VPOS="811" CONTENT="der naar Steinfurt aannamen, Het equipagie waarmede wy het behoor">
              <Shape>
                <Polygon POINTS="124,933 158,918 183,895 212,898 267,929 317,922 341,930 365,910 381,910 423,886 453,895 462,887 561,883 603,895 619,885 633,898 657,894 677,906 704,902 721,887 749,898 761,894 773,906 822,878 845,887 874,886 890,870 906,867 926,878 977,859 1037,863 1064,886 1079,886 1151,851 1209,871 1239,851 1262,863 1296,843 1319,851 1335,843 1356,858 1388,859 1400,851 1424,856 1445,839 1456,844 1468,835 1489,843 1542,835 1555,843 1591,831 1608,846 1628,829 1667,863 1704,839 1725,839 1739,827 1773,829 1791,819 1818,832 1859,815 1900,815 1911,823 1939,811 1952,811 1971,826 1991,813 2016,823 2016,863 2003,876 1993,878 1978,867 1943,893 1883,895 1831,875 1787,903 1768,890 1748,898 1717,929 1668,889 1602,893 1591,902 1583,894 1540,894 1497,910 1472,898 1415,902 1388,921 1360,907 1337,906 1324,918 1300,918 1261,953 1235,953 1215,941 1185,937 1164,941 1128,927 1104,949 1082,941 1062,949 1024,926 1010,933 967,933 951,949 912,933 884,949 859,946 838,960 812,964 785,964 756,941 665,941 635,960 610,965 553,949 512,984 484,972 456,980 424,969 382,980 340,957 279,980 262,980 234,960 215,968 138,961 124,975"/>
              </Shape>
            </String>
          </TextLine>
          <TextLine ID="line_19ddf7ca-4a4e-4492-ae8d-a43dc0daf8b7" HEIGHT="191" WIDTH="1880" HPOS="132" VPOS="867" STYLEREFS="textstyle-None---sans-serif---proportional---None---None---None">
            <Shape>
              <Polygon POINTS="132,960 162,968 171,961 215,968 234,960 262,980 279,980 333,957 382,980 424,969 449,972 457,980 485,972 512,984 553,949 588,963 599,957 615,964 646,948 685,961 741,941 771,953 787,937 807,937 844,954 863,940 884,949 916,937 938,941 948,933 972,940 990,929 999,936 1031,933 1062,949 1077,942 1098,949 1117,940 1132,944 1145,932 1164,941 1186,936 1245,956 1261,953 1300,917 1352,908 1388,920 1416,901 1460,901 1487,913 1506,901 1533,897 1555,904 1567,894 1591,901 1600,893 1641,889 1650,896 1672,888 1701,916 1721,923 1747,897 1776,897 1794,885 1839,877 1867,892 1935,893 1981,867 2012,893 2012,933 1995,945 1977,933 1955,948 1944,940 1936,948 1899,949 1881,941 1867,948 1788,948 1761,964 1740,955 1703,955 1669,972 1651,972 1636,984 1622,975 1551,965 1508,997 1492,995 1465,972 1436,968 1399,972 1391,980 1365,972 1352,983 1322,987 1243,980 1227,984 1172,1031 1122,993 1104,999 1092,991 1020,995 982,1014 951,997 929,1003 849,999 789,1018 759,1015 746,1003 714,1010 653,1007 645,1015 590,1011 568,1024 553,1012 509,1021 476,1015 435,1038 414,1031 400,1042 360,1050 316,1038 282,1054 218,1046 174,1058 148,1035 132,1034"/>
            </Shape>
            <String ID="line_19ddf7ca-4a4e-4492-ae8d-a43dc0daf8b7-dummy-Word" HEIGHT="191" WIDTH="1880" HPOS="132" VPOS="867" CONTENT="lyk geleegene Bentheim verlieten was just niet van het brillianste">
              <Shape>
                <Polygon POINTS="132,960 162,968 171,961 215,968 234,960 262,980 279,980 333,957 382,980 424,969 449,972 457,980 485,972 512,984 553,949 588,963 599,957 615,964 646,948 685,961 741,941 771,953 787,937 807,937 844,954 863,940 884,949 916,937 938,941 948,933 972,940 990,929 999,936 1031,933 1062,949 1077,942 1098,949 1117,940 1132,944 1145,932 1164,941 1186,936 1245,956 1261,953 1300,917 1352,908 1388,920 1416,901 1460,901 1487,913 1506,901 1533,897 1555,904 1567,894 1591,901 1600,893 1641,889 1650,896 1672,888 1701,916 1721,923 1747,897 1776,897 1794,885 1839,877 1867,892 1935,893 1981,867 2012,893 2012,933 1995,945 1977,933 1955,948 1944,940 1936,948 1899,949 1881,941 1867,948 1788,948 1761,964 1740,955 1703,955 1669,972 1651,972 1636,984 1622,975 1551,965 1508,997 1492,995 1465,972 1436,968 1399,972 1391,980 1365,972 1352,983 1322,987 1243,980 1227,984 1172,1031 1122,993 1104,999 1092,991 1020,995 982,1014 951,997 929,1003 849,999 789,1018 759,1015 746,1003 714,1010 653,1007 645,1015 590,1011 568,1024 553,1012 509,1021 476,1015 435,1038 414,1031 400,1042 360,1050 316,1038 282,1054 218,1046 174,1058 148,1035 132,1034"/>
              </Shape>
            </String>
          </TextLine>
          <TextLine ID="line_1cfb33cb-6c57-4de2-826c-b07133080c05" HEIGHT="195" WIDTH="1850" HPOS="139" VPOS="939" STYLEREFS="textstyle-None---sans-serif---proportional---None---None---None">
            <Shape>
              <Polygon POINTS="139,1067 168,1051 180,1057 191,1049 220,1053 237,1043 273,1052 296,1035 331,1044 345,1040 365,1055 405,1028 435,1039 473,1016 520,1023 532,1012 597,1012 607,1019 616,1011 629,1023 654,1012 665,1022 679,1008 744,1004 776,1018 784,1012 806,1015 821,1004 833,1015 849,1000 860,1000 896,1020 923,999 994,1012 1020,995 1052,1011 1074,1004 1092,1016 1128,1000 1148,1019 1174,1028 1220,988 1241,980 1322,987 1365,972 1391,979 1420,968 1456,974 1511,964 1528,972 1543,964 1575,975 1616,972 1641,987 1656,972 1704,954 1714,960 1740,955 1761,964 1786,948 1836,950 1867,940 1927,948 1945,940 1954,947 1965,939 1989,963 1989,1003 1941,1038 1925,1038 1917,1030 1905,1034 1887,1022 1840,1022 1831,1028 1805,1018 1742,1062 1683,1023 1659,1029 1652,1023 1595,1053 1543,1038 1510,1054 1490,1038 1449,1066 1418,1042 1370,1046 1362,1039 1348,1050 1308,1058 1287,1050 1267,1058 1250,1054 1242,1062 1215,1058 1206,1066 1180,1054 1152,1075 1135,1058 1106,1051 1081,1063 1057,1055 1019,1062 1011,1055 992,1070 974,1066 959,1076 932,1060 917,1059 893,1074 877,1063 865,1070 849,1063 828,1078 797,1063 755,1084 720,1078 696,1101 678,1090 655,1097 635,1085 623,1094 599,1086 583,1070 568,1070 552,1086 534,1074 513,1074 469,1098 459,1090 446,1094 430,1078 382,1078 364,1093 337,1082 304,1082 287,1098 272,1091 243,1102 225,1094 209,1101 196,1094 139,1134"/>
            </Shape>
            <String ID="line_1cfb33cb-6c57-4de2-826c-b07133080c05-dummy-Word" HEIGHT="195" WIDTH="1850" HPOS="139" VPOS="939" CONTENT="waarvoor wy betaalden daarvoor 5 guldens &amp; hadden een openkorf=">
              <Shape>
                <Polygon POINTS="139,1067 168,1051 180,1057 191,1049 220,1053 237,1043 273,1052 296,1035 331,1044 345,1040 365,1055 405,1028 435,1039 473,1016 520,1023 532,1012 597,1012 607,1019 616,1011 629,1023 654,1012 665,1022 679,1008 744,1004 776,1018 784,1012 806,1015 821,1004 833,1015 849,1000 860,1000 896,1020 923,999 994,1012 1020,995 1052,1011 1074,1004 1092,1016 1128,1000 1148,1019 1174,1028 1220,988 1241,980 1322,987 1365,972 1391,979 1420,968 1456,974 1511,964 1528,972 1543,964 1575,975 1616,972 1641,987 1656,972 1704,954 1714,960 1740,955 1761,964 1786,948 1836,950 1867,940 1927,948 1945,940 1954,947 1965,939 1989,963 1989,1003 1941,1038 1925,1038 1917,1030 1905,1034 1887,1022 1840,1022 1831,1028 1805,1018 1742,1062 1683,1023 1659,1029 1652,1023 1595,1053 1543,1038 1510,1054 1490,1038 1449,1066 1418,1042 1370,1046 1362,1039 1348,1050 1308,1058 1287,1050 1267,1058 1250,1054 1242,1062 1215,1058 1206,1066 1180,1054 1152,1075 1135,1058 1106,1051 1081,1063 1057,1055 1019,1062 1011,1055 992,1070 974,1066 959,1076 932,1060 917,1059 893,1074 877,1063 865,1070 849,1063 828,1078 797,1063 755,1084 720,1078 696,1101 678,1090 655,1097 635,1085 623,1094 599,1086 583,1070 568,1070 552,1086 534,1074 513,1074 469,1098 459,1090 446,1094 430,1078 382,1078 364,1093 337,1082 304,1082 287,1098 272,1091 243,1102 225,1094 209,1101 196,1094 139,1134"/>
              </Shape>
            </String>
          </TextLine>
          <TextLine ID="c9cd9cef-4351-4606-9886-1c049568d9c7" HEIGHT="157" WIDTH="1847" HPOS="140" VPOS="1016" STYLEREFS="textstyle-None---sans-serif---proportional---None---None---None">
            <Shape>
              <Polygon POINTS="140,1099 163,1092 176,1099 223,1096 247,1107 287,1111 309,1104 326,1087 362,1092 383,1080 423,1080 465,1101 510,1076 533,1076 552,1087 566,1075 577,1083 590,1076 623,1099 636,1089 650,1096 703,1095 716,1087 746,1095 770,1072 796,1066 807,1075 835,1064 854,1074 860,1068 904,1072 928,1060 943,1067 1000,1056 1031,1060 1039,1068 1049,1059 1072,1073 1094,1052 1142,1057 1153,1068 1181,1055 1209,1071 1239,1075 1270,1070 1288,1052 1316,1044 1341,1049 1354,1040 1378,1045 1389,1036 1396,1043 1427,1036 1452,1048 1464,1042 1478,1055 1512,1055 1533,1036 1575,1040 1585,1048 1597,1036 1613,1042 1624,1032 1663,1027 1670,1020 1697,1028 1738,1060 1764,1053 1806,1016 1824,1028 1855,1020 1875,1020 1893,1031 1910,1024 1929,1039 1949,1035 1961,1047 1987,1039 1987,1077 1950,1076 1924,1094 1906,1087 1879,1099 1871,1091 1847,1091 1826,1109 1793,1092 1754,1098 1733,1091 1725,1099 1705,1099 1669,1123 1618,1118 1603,1103 1591,1102 1570,1115 1541,1106 1500,1115 1484,1126 1466,1118 1447,1130 1403,1110 1377,1113 1353,1103 1340,1116 1278,1107 1267,1118 1244,1118 1235,1126 1203,1111 1173,1127 1160,1120 1143,1130 1090,1130 1079,1119 1043,1119 1037,1125 1010,1119 958,1149 929,1130 901,1146 872,1146 849,1130 802,1127 780,1149 757,1134 738,1134 717,1149 690,1134 673,1134 611,1165 577,1134 520,1146 486,1138 474,1150 448,1142 428,1158 412,1151 395,1158 374,1144 346,1157 305,1157 288,1170 255,1173 227,1152 210,1158 178,1146 163,1157 140,1157"/>
            </Shape>
            <String ID="c9cd9cef-4351-4606-9886-1c049568d9c7-dummy-Word" HEIGHT="157" WIDTH="1847" HPOS="140" VPOS="1016" CONTENT="wagen met 2 oude paarden zonder gebit in de bek &amp; die alleen door een">
              <Shape>
                <Polygon POINTS="140,1099 163,1092 176,1099 223,1096 247,1107 287,1111 309,1104 326,1087 362,1092 383,1080 423,1080 465,1101 510,1076 533,1076 552,1087 566,1075 577,1083 590,1076 623,1099 636,1089 650,1096 703,1095 716,1087 746,1095 770,1072 796,1066 807,1075 835,1064 854,1074 860,1068 904,1072 928,1060 943,1067 1000,1056 1031,1060 1039,1068 1049,1059 1072,1073 1094,1052 1142,1057 1153,1068 1181,1055 1209,1071 1239,1075 1270,1070 1288,1052 1316,1044 1341,1049 1354,1040 1378,1045 1389,1036 1396,1043 1427,1036 1452,1048 1464,1042 1478,1055 1512,1055 1533,1036 1575,1040 1585,1048 1597,1036 1613,1042 1624,1032 1663,1027 1670,1020 1697,1028 1738,1060 1764,1053 1806,1016 1824,1028 1855,1020 1875,1020 1893,1031 1910,1024 1929,1039 1949,1035 1961,1047 1987,1039 1987,1077 1950,1076 1924,1094 1906,1087 1879,1099 1871,1091 1847,1091 1826,1109 1793,1092 1754,1098 1733,1091 1725,1099 1705,1099 1669,1123 1618,1118 1603,1103 1591,1102 1570,1115 1541,1106 1500,1115 1484,1126 1466,1118 1447,1130 1403,1110 1377,1113 1353,1103 1340,1116 1278,1107 1267,1118 1244,1118 1235,1126 1203,1111 1173,1127 1160,1120 1143,1130 1090,1130 1079,1119 1043,1119 1037,1125 1010,1119 958,1149 929,1130 901,1146 872,1146 849,1130 802,1127 780,1149 757,1134 738,1134 717,1149 690,1134 673,1134 611,1165 577,1134 520,1146 486,1138 474,1150 448,1142 428,1158 412,1151 395,1158 374,1144 346,1157 305,1157 288,1170 255,1173 227,1152 210,1158 178,1146 163,1157 140,1157"/>
              </Shape>
            </String>
          </TextLine>
          <TextLine ID="line_1ee74d95-4c3c-4da7-b79d-52b8edde3570" HEIGHT="172" WIDTH="1809" HPOS="150" VPOS="1080" STYLEREFS="textstyle-None---sans-serif---proportional---None---None---None">
            <Shape>
              <Polygon POINTS="150,1164 174,1148 190,1153 208,1144 224,1144 239,1159 269,1144 299,1164 311,1154 330,1159 375,1143 393,1156 411,1147 430,1156 451,1142 481,1163 495,1164 522,1144 537,1148 556,1136 573,1136 617,1171 630,1172 650,1160 661,1167 679,1159 693,1162 709,1147 722,1159 749,1159 766,1143 778,1151 787,1144 804,1147 822,1131 856,1132 871,1147 886,1148 911,1139 921,1147 956,1148 992,1135 1022,1155 1035,1143 1044,1148 1079,1117 1095,1130 1109,1116 1143,1116 1174,1128 1199,1112 1235,1124 1243,1116 1267,1119 1278,1108 1308,1108 1317,1115 1336,1104 1362,1104 1398,1115 1406,1111 1414,1119 1451,1111 1462,1118 1468,1112 1486,1124 1543,1096 1591,1095 1618,1115 1654,1115 1667,1123 1734,1091 1745,1099 1772,1100 1798,1090 1804,1095 1829,1080 1881,1099 1892,1091 1959,1099 1959,1138 1950,1135 1931,1150 1905,1147 1878,1159 1852,1146 1842,1155 1832,1147 1791,1147 1783,1154 1770,1147 1739,1162 1730,1158 1709,1175 1693,1174 1663,1155 1628,1175 1606,1162 1588,1174 1556,1170 1544,1182 1526,1178 1517,1186 1482,1166 1455,1193 1426,1190 1402,1170 1381,1186 1338,1184 1325,1174 1291,1175 1257,1194 1226,1178 1192,1201 1175,1190 1158,1206 1151,1199 1138,1206 1127,1198 1109,1214 1085,1197 1069,1206 1056,1198 1010,1197 979,1214 946,1206 935,1195 911,1198 889,1191 854,1213 847,1206 826,1221 802,1222 794,1230 782,1229 741,1194 708,1198 690,1214 679,1210 665,1222 623,1227 598,1216 563,1234 543,1221 487,1229 463,1214 430,1213 374,1236 340,1234 320,1250 310,1242 302,1249 275,1245 257,1230 242,1230 226,1242 196,1230 169,1252 150,1246"/>
            </Shape>
            <String ID="line_1ee74d95-4c3c-4da7-b79d-52b8edde3570-dummy-Word" HEIGHT="172" WIDTH="1809" HPOS="150" VPOS="1080" CONTENT="ongje, dat hun over de neus liep, bestuurd wierden. Op de zeer">
              <Shape>
                <Polygon POINTS="150,1164 174,1148 190,1153 208,1144 224,1144 239,1159 269,1144 299,1164 311,1154 330,1159 375,1143 393,1156 411,1147 430,1156 451,1142 481,1163 495,1164 522,1144 537,1148 556,1136 573,1136 617,1171 630,1172 650,1160 661,1167 679,1159 693,1162 709,1147 722,1159 749,1159 766,1143 778,1151 787,1144 804,1147 822,1131 856,1132 871,1147 886,1148 911,1139 921,1147 956,1148 992,1135 1022,1155 1035,1143 1044,1148 1079,1117 1095,1130 1109,1116 1143,1116 1174,1128 1199,1112 1235,1124 1243,1116 1267,1119 1278,1108 1308,1108 1317,1115 1336,1104 1362,1104 1398,1115 1406,1111 1414,1119 1451,1111 1462,1118 1468,1112 1486,1124 1543,1096 1591,1095 1618,1115 1654,1115 1667,1123 1734,1091 1745,1099 1772,1100 1798,1090 1804,1095 1829,1080 1881,1099 1892,1091 1959,1099 1959,1138 1950,1135 1931,1150 1905,1147 1878,1159 1852,1146 1842,1155 1832,1147 1791,1147 1783,1154 1770,1147 1739,1162 1730,1158 1709,1175 1693,1174 1663,1155 1628,1175 1606,1162 1588,1174 1556,1170 1544,1182 1526,1178 1517,1186 1482,1166 1455,1193 1426,1190 1402,1170 1381,1186 1338,1184 1325,1174 1291,1175 1257,1194 1226,1178 1192,1201 1175,1190 1158,1206 1151,1199 1138,1206 1127,1198 1109,1214 1085,1197 1069,1206 1056,1198 1010,1197 979,1214 946,1206 935,1195 911,1198 889,1191 854,1213 847,1206 826,1221 802,1222 794,1230 782,1229 741,1194 708,1198 690,1214 679,1210 665,1222 623,1227 598,1216 563,1234 543,1221 487,1229 463,1214 430,1213 374,1236 340,1234 320,1250 310,1242 302,1249 275,1245 257,1230 242,1230 226,1242 196,1230 169,1252 150,1246"/>
              </Shape>
            </String>
          </TextLine>
          <TextLine ID="line_945f2a7e-e7f4-4ece-b659-438aabe7be7b" HEIGHT="154" WIDTH="1808" HPOS="160" VPOS="1146" STYLEREFS="textstyle-None---sans-serif---proportional---None---None---None">
            <Shape>
              <Polygon POINTS="160,1248 173,1248 215,1220 237,1220 247,1228 265,1212 309,1229 334,1224 365,1240 432,1210 454,1215 471,1230 480,1221 493,1229 532,1224 549,1211 579,1213 603,1228 621,1229 647,1217 668,1220 680,1209 690,1212 709,1198 725,1197 757,1228 778,1232 792,1220 829,1221 849,1205 856,1212 904,1193 925,1201 937,1195 949,1205 979,1190 996,1199 1004,1193 1018,1205 1032,1196 1067,1205 1084,1196 1109,1213 1128,1197 1153,1209 1175,1189 1191,1197 1227,1178 1257,1192 1294,1174 1384,1185 1399,1170 1417,1181 1468,1179 1484,1165 1518,1185 1536,1177 1545,1181 1557,1169 1590,1173 1608,1161 1643,1161 1650,1154 1672,1155 1704,1177 1732,1157 1770,1146 1806,1148 1827,1161 1854,1146 1879,1161 1917,1158 1937,1169 1968,1163 1968,1202 1923,1237 1906,1221 1881,1217 1870,1206 1822,1206 1804,1221 1762,1214 1747,1222 1727,1213 1701,1236 1660,1233 1647,1245 1632,1246 1602,1228 1577,1230 1565,1218 1533,1222 1505,1246 1464,1222 1451,1234 1420,1226 1386,1245 1340,1230 1310,1257 1291,1242 1276,1251 1242,1237 1220,1254 1206,1257 1191,1245 1181,1254 1155,1254 1132,1270 1061,1270 1024,1246 999,1270 988,1262 980,1270 960,1269 944,1256 905,1278 891,1274 872,1285 840,1269 832,1274 817,1259 797,1254 768,1267 759,1258 741,1265 724,1258 709,1272 673,1262 657,1269 613,1262 557,1300 518,1270 493,1272 487,1266 472,1273 398,1270 385,1280 373,1270 302,1270 261,1289 239,1285 228,1274 175,1274 160,1286"/>
            </Shape>
            <String ID="line_945f2a7e-e7f4-4ece-b659-438aabe7be7b-dummy-Word" HEIGHT="154" WIDTH="1808" HPOS="160" VPOS="1146" CONTENT="vervelende weg ontmochte ons niets byzonders dan dat wij">
              <Shape>
                <Polygon POINTS="160,1248 173,1248 215,1220 237,1220 247,1228 265,1212 309,1229 334,1224 365,1240 432,1210 454,1215 471,1230 480,1221 493,1229 532,1224 549,1211 579,1213 603,1228 621,1229 647,1217 668,1220 680,1209 690,1212 709,1198 725,1197 757,1228 778,1232 792,1220 829,1221 849,1205 856,1212 904,1193 925,1201 937,1195 949,1205 979,1190 996,1199 1004,1193 1018,1205 1032,1196 1067,1205 1084,1196 1109,1213 1128,1197 1153,1209 1175,1189 1191,1197 1227,1178 1257,1192 1294,1174 1384,1185 1399,1170 1417,1181 1468,1179 1484,1165 1518,1185 1536,1177 1545,1181 1557,1169 1590,1173 1608,1161 1643,1161 1650,1154 1672,1155 1704,1177 1732,1157 1770,1146 1806,1148 1827,1161 1854,1146 1879,1161 1917,1158 1937,1169 1968,1163 1968,1202 1923,1237 1906,1221 1881,1217 1870,1206 1822,1206 1804,1221 1762,1214 1747,1222 1727,1213 1701,1236 1660,1233 1647,1245 1632,1246 1602,1228 1577,1230 1565,1218 1533,1222 1505,1246 1464,1222 1451,1234 1420,1226 1386,1245 1340,1230 1310,1257 1291,1242 1276,1251 1242,1237 1220,1254 1206,1257 1191,1245 1181,1254 1155,1254 1132,1270 1061,1270 1024,1246 999,1270 988,1262 980,1270 960,1269 944,1256 905,1278 891,1274 872,1285 840,1269 832,1274 817,1259 797,1254 768,1267 759,1258 741,1265 724,1258 709,1272 673,1262 657,1269 613,1262 557,1300 518,1270 493,1272 487,1266 472,1273 398,1270 385,1280 373,1270 302,1270 261,1289 239,1285 228,1274 175,1274 160,1286"/>
              </Shape>
            </String>
          </TextLine>
          <TextLine ID="e9b7bdc7-adc2-46e9-ae17-2689512c89a5" HEIGHT="160" WIDTH="1860" HPOS="164" VPOS="1207" STYLEREFS="textstyle-None---sans-serif---proportional---None---None---None">
            <Shape>
              <Polygon POINTS="164,1274 228,1274 240,1286 261,1289 302,1270 373,1270 385,1280 398,1270 472,1273 487,1266 493,1272 518,1270 557,1300 613,1262 651,1270 674,1262 709,1272 724,1258 741,1265 762,1258 769,1265 804,1254 831,1274 840,1269 872,1285 892,1274 905,1278 944,1256 960,1269 999,1270 1025,1246 1058,1270 1139,1270 1155,1254 1164,1258 1189,1246 1206,1258 1224,1258 1253,1242 1276,1251 1290,1242 1309,1258 1340,1231 1357,1231 1385,1246 1420,1227 1452,1234 1464,1223 1505,1246 1544,1219 1566,1219 1581,1231 1635,1228 1695,1240 1713,1230 1733,1238 1741,1230 1751,1234 1774,1219 1803,1222 1822,1207 1870,1207 1881,1218 1923,1223 1930,1230 1944,1219 1955,1222 1978,1212 2012,1238 2024,1231 2024,1269 1990,1270 1939,1309 1923,1308 1899,1292 1885,1299 1880,1294 1850,1311 1828,1293 1808,1293 1795,1282 1761,1309 1727,1291 1700,1313 1679,1314 1660,1312 1626,1285 1611,1293 1590,1285 1574,1301 1521,1286 1500,1293 1444,1286 1425,1304 1404,1293 1387,1308 1377,1301 1354,1308 1332,1293 1318,1293 1305,1304 1295,1294 1288,1301 1254,1297 1244,1304 1220,1297 1167,1340 1145,1325 1119,1324 1111,1316 1084,1324 1053,1309 1036,1309 1017,1324 1002,1309 974,1309 954,1320 937,1314 884,1363 870,1352 824,1359 777,1322 753,1328 745,1320 716,1321 680,1348 651,1348 634,1332 600,1333 583,1325 565,1334 527,1329 489,1349 457,1336 423,1360 396,1356 373,1367 329,1348 301,1363 284,1360 268,1344 233,1348 225,1341 164,1339"/>
            </Shape>
            <String ID="e9b7bdc7-adc2-46e9-ae17-2689512c89a5-dummy-Word" HEIGHT="160" WIDTH="1860" HPOS="164" VPOS="1207" CONTENT="in een haltje onder Wilberg een weinig rechts van de weg af liggende">
              <Shape>
                <Polygon POINTS="164,1274 228,1274 240,1286 261,1289 302,1270 373,1270 385,1280 398,1270 472,1273 487,1266 493,1272 518,1270 557,1300 613,1262 651,1270 674,1262 709,1272 724,1258 741,1265 762,1258 769,1265 804,1254 831,1274 840,1269 872,1285 892,1274 905,1278 944,1256 960,1269 999,1270 1025,1246 1058,1270 1139,1270 1155,1254 1164,1258 1189,1246 1206,1258 1224,1258 1253,1242 1276,1251 1290,1242 1309,1258 1340,1231 1357,1231 1385,1246 1420,1227 1452,1234 1464,1223 1505,1246 1544,1219 1566,1219 1581,1231 1635,1228 1695,1240 1713,1230 1733,1238 1741,1230 1751,1234 1774,1219 1803,1222 1822,1207 1870,1207 1881,1218 1923,1223 1930,1230 1944,1219 1955,1222 1978,1212 2012,1238 2024,1231 2024,1269 1990,1270 1939,1309 1923,1308 1899,1292 1885,1299 1880,1294 1850,1311 1828,1293 1808,1293 1795,1282 1761,1309 1727,1291 1700,1313 1679,1314 1660,1312 1626,1285 1611,1293 1590,1285 1574,1301 1521,1286 1500,1293 1444,1286 1425,1304 1404,1293 1387,1308 1377,1301 1354,1308 1332,1293 1318,1293 1305,1304 1295,1294 1288,1301 1254,1297 1244,1304 1220,1297 1167,1340 1145,1325 1119,1324 1111,1316 1084,1324 1053,1309 1036,1309 1017,1324 1002,1309 974,1309 954,1320 937,1314 884,1363 870,1352 824,1359 777,1322 753,1328 745,1320 716,1321 680,1348 651,1348 634,1332 600,1333 583,1325 565,1334 527,1329 489,1349 457,1336 423,1360 396,1356 373,1367 329,1348 301,1363 284,1360 268,1344 233,1348 225,1341 164,1339"/>
              </Shape>
            </String>
          </TextLine>
          <TextLine ID="line_3e5ec3e9-c8ee-48df-89af-a364e8eed87c" HEIGHT="149" WIDTH="1797" HPOS="169" VPOS="1278" STYLEREFS="textstyle-None---sans-serif---proportional---None---None---None">
            <Shape>
              <Polygon POINTS="169,1350 181,1341 257,1342 299,1365 319,1349 359,1345 390,1357 429,1357 456,1337 491,1349 527,1330 559,1330 570,1337 590,1323 662,1345 673,1337 697,1342 718,1321 745,1321 756,1329 778,1323 802,1344 809,1338 821,1349 838,1334 845,1341 859,1333 881,1340 896,1331 905,1340 937,1314 953,1321 965,1310 1000,1309 1018,1325 1035,1310 1066,1310 1074,1302 1161,1336 1187,1329 1218,1298 1238,1305 1252,1301 1262,1309 1304,1294 1321,1297 1333,1309 1369,1301 1388,1309 1428,1286 1450,1286 1460,1294 1479,1286 1498,1294 1517,1282 1563,1302 1586,1302 1609,1285 1624,1297 1641,1293 1662,1313 1680,1317 1700,1313 1725,1291 1760,1309 1793,1278 1851,1309 1879,1303 1897,1290 1925,1309 1966,1295 1966,1334 1935,1365 1918,1372 1885,1349 1828,1356 1806,1342 1792,1342 1753,1353 1730,1342 1683,1345 1634,1372 1609,1373 1581,1389 1537,1354 1513,1349 1502,1360 1476,1357 1459,1372 1449,1365 1439,1371 1421,1359 1387,1369 1366,1359 1336,1376 1320,1364 1265,1365 1257,1373 1210,1365 1181,1376 1170,1366 1127,1388 1101,1376 1068,1384 1057,1373 1002,1373 929,1418 889,1381 856,1384 838,1395 809,1392 802,1399 776,1388 760,1399 743,1388 728,1388 717,1399 698,1392 680,1408 648,1404 625,1427 595,1427 543,1396 522,1403 515,1396 486,1396 459,1423 430,1400 405,1404 387,1422 351,1400 326,1407 293,1404 280,1416 251,1424 235,1423 218,1407 197,1420 177,1412 169,1416"/>
            </Shape>
            <String ID="line_3e5ec3e9-c8ee-48df-89af-a364e8eed87c-dummy-Word" HEIGHT="149" WIDTH="1797" HPOS="169" VPOS="1278" CONTENT="een vrouwtje zagen oud 33 jaren &amp; slechts 3 voeten groot: locn wy">
              <Shape>
                <Polygon POINTS="169,1350 181,1341 257,1342 299,1365 319,1349 359,1345 390,1357 429,1357 456,1337 491,1349 527,1330 559,1330 570,1337 590,1323 662,1345 673,1337 697,1342 718,1321 745,1321 756,1329 778,1323 802,1344 809,1338 821,1349 838,1334 845,1341 859,1333 881,1340 896,1331 905,1340 937,1314 953,1321 965,1310 1000,1309 1018,1325 1035,1310 1066,1310 1074,1302 1161,1336 1187,1329 1218,1298 1238,1305 1252,1301 1262,1309 1304,1294 1321,1297 1333,1309 1369,1301 1388,1309 1428,1286 1450,1286 1460,1294 1479,1286 1498,1294 1517,1282 1563,1302 1586,1302 1609,1285 1624,1297 1641,1293 1662,1313 1680,1317 1700,1313 1725,1291 1760,1309 1793,1278 1851,1309 1879,1303 1897,1290 1925,1309 1966,1295 1966,1334 1935,1365 1918,1372 1885,1349 1828,1356 1806,1342 1792,1342 1753,1353 1730,1342 1683,1345 1634,1372 1609,1373 1581,1389 1537,1354 1513,1349 1502,1360 1476,1357 1459,1372 1449,1365 1439,1371 1421,1359 1387,1369 1366,1359 1336,1376 1320,1364 1265,1365 1257,1373 1210,1365 1181,1376 1170,1366 1127,1388 1101,1376 1068,1384 1057,1373 1002,1373 929,1418 889,1381 856,1384 838,1395 809,1392 802,1399 776,1388 760,1399 743,1388 728,1388 717,1399 698,1392 680,1408 648,1404 625,1427 595,1427 543,1396 522,1403 515,1396 486,1396 459,1423 430,1400 405,1404 387,1422 351,1400 326,1407 293,1404 280,1416 251,1424 235,1423 218,1407 197,1420 177,1412 169,1416"/>
              </Shape>
            </String>
          </TextLine>
          <TextLine ID="line_25b4f593-9a5b-4da1-afa5-fbf134901a27" HEIGHT="167" WIDTH="1881" HPOS="153" VPOS="1340" STYLEREFS="textstyle-None---sans-serif---proportional---None---None---None">
            <Shape>
              <Polygon POINTS="153,1420 161,1412 169,1419 177,1412 198,1419 219,1408 235,1423 262,1423 295,1404 338,1407 359,1400 386,1423 401,1408 408,1414 429,1400 459,1423 484,1400 538,1396 595,1427 625,1427 658,1395 672,1407 682,1401 702,1408 729,1391 761,1399 776,1384 825,1395 859,1383 902,1395 928,1419 983,1383 998,1386 1022,1372 1093,1373 1128,1390 1165,1368 1181,1375 1234,1364 1257,1372 1275,1360 1317,1360 1336,1375 1362,1360 1373,1368 1402,1368 1421,1358 1440,1372 1457,1371 1477,1356 1513,1359 1527,1352 1552,1363 1581,1389 1615,1371 1634,1371 1661,1348 1734,1344 1758,1364 1793,1340 1831,1355 1849,1356 1868,1344 1887,1348 1915,1371 1932,1372 1944,1371 1979,1340 1990,1340 2023,1371 2034,1364 2034,1404 1993,1440 1953,1431 1944,1437 1925,1421 1908,1430 1881,1404 1849,1400 1832,1414 1802,1408 1773,1411 1765,1419 1744,1411 1721,1430 1708,1426 1682,1446 1651,1439 1640,1450 1613,1446 1597,1430 1563,1430 1541,1415 1469,1419 1432,1433 1417,1425 1405,1431 1369,1423 1342,1438 1301,1431 1292,1423 1238,1439 1182,1430 1143,1453 1129,1446 1102,1458 1052,1435 1026,1443 994,1474 962,1449 946,1454 933,1442 913,1454 891,1446 870,1454 855,1443 834,1443 820,1453 770,1447 741,1462 670,1462 662,1470 646,1469 623,1454 595,1461 561,1454 553,1462 535,1458 524,1465 498,1458 450,1471 429,1458 411,1470 394,1461 351,1462 311,1474 283,1462 274,1471 253,1470 222,1497 189,1497 176,1505 167,1497 153,1507"/>
            </Shape>
            <String ID="line_25b4f593-9a5b-4da1-afa5-fbf134901a27-dummy-Word" HEIGHT="167" WIDTH="1881" HPOS="153" VPOS="1340" CONTENT="by de hel kwamen vonden wy haar buiten dezelve op de Knieenligg">
              <Shape>
                <Polygon POINTS="153,1420 161,1412 169,1419 177,1412 198,1419 219,1408 235,1423 262,1423 295,1404 338,1407 359,1400 386,1423 401,1408 408,1414 429,1400 459,1423 484,1400 538,1396 595,1427 625,1427 658,1395 672,1407 682,1401 702,1408 729,1391 761,1399 776,1384 825,1395 859,1383 902,1395 928,1419 983,1383 998,1386 1022,1372 1093,1373 1128,1390 1165,1368 1181,1375 1234,1364 1257,1372 1275,1360 1317,1360 1336,1375 1362,1360 1373,1368 1402,1368 1421,1358 1440,1372 1457,1371 1477,1356 1513,1359 1527,1352 1552,1363 1581,1389 1615,1371 1634,1371 1661,1348 1734,1344 1758,1364 1793,1340 1831,1355 1849,1356 1868,1344 1887,1348 1915,1371 1932,1372 1944,1371 1979,1340 1990,1340 2023,1371 2034,1364 2034,1404 1993,1440 1953,1431 1944,1437 1925,1421 1908,1430 1881,1404 1849,1400 1832,1414 1802,1408 1773,1411 1765,1419 1744,1411 1721,1430 1708,1426 1682,1446 1651,1439 1640,1450 1613,1446 1597,1430 1563,1430 1541,1415 1469,1419 1432,1433 1417,1425 1405,1431 1369,1423 1342,1438 1301,1431 1292,1423 1238,1439 1182,1430 1143,1453 1129,1446 1102,1458 1052,1435 1026,1443 994,1474 962,1449 946,1454 933,1442 913,1454 891,1446 870,1454 855,1443 834,1443 820,1453 770,1447 741,1462 670,1462 662,1470 646,1469 623,1454 595,1461 561,1454 553,1462 535,1458 524,1465 498,1458 450,1471 429,1458 411,1470 394,1461 351,1462 311,1474 283,1462 274,1471 253,1470 222,1497 189,1497 176,1505 167,1497 153,1507"/>
              </Shape>
            </String>
          </TextLine>
          <TextLine ID="line_873d487b-2ec3-49c2-b2c0-d0a01520cf30" HEIGHT="172" WIDTH="1845" HPOS="160" VPOS="1401" STYLEREFS="textstyle-None---sans-serif---proportional---None---None---None">
            <Shape>
              <Polygon POINTS="160,1484 187,1468 210,1491 226,1495 254,1468 270,1473 294,1464 305,1475 320,1468 331,1478 353,1461 394,1460 409,1472 454,1471 492,1456 524,1463 596,1452 618,1452 660,1471 671,1463 724,1471 751,1463 765,1474 796,1452 825,1452 833,1444 865,1444 872,1451 886,1444 907,1456 932,1440 948,1454 959,1448 992,1476 1040,1437 1066,1436 1083,1448 1129,1456 1175,1429 1209,1432 1221,1443 1271,1425 1294,1425 1324,1438 1333,1432 1351,1436 1366,1421 1385,1421 1404,1432 1447,1432 1473,1417 1544,1421 1553,1413 1572,1413 1620,1448 1633,1436 1644,1438 1696,1413 1710,1417 1728,1408 1739,1416 1754,1405 1768,1417 1826,1401 1861,1401 1882,1408 1902,1428 1924,1422 1938,1436 1955,1429 1975,1440 2005,1430 2005,1469 1993,1481 1963,1469 1943,1477 1934,1469 1895,1469 1882,1480 1864,1481 1848,1481 1836,1469 1806,1477 1779,1473 1766,1485 1744,1477 1715,1484 1697,1473 1681,1480 1653,1477 1644,1484 1637,1477 1596,1484 1582,1477 1563,1487 1548,1485 1532,1500 1524,1492 1506,1497 1450,1484 1362,1485 1344,1493 1333,1489 1312,1504 1300,1492 1261,1493 1220,1521 1188,1517 1179,1524 1137,1501 1124,1501 1097,1525 1060,1525 1038,1508 1013,1510 979,1541 939,1541 933,1547 883,1537 864,1548 805,1513 788,1513 768,1528 745,1513 732,1524 723,1516 705,1525 665,1517 639,1540 626,1532 611,1537 591,1517 568,1529 551,1521 527,1536 481,1524 452,1540 426,1524 382,1521 367,1528 297,1525 262,1552 256,1549 232,1564 209,1545 178,1573 160,1565"/>
            </Shape>
            <String ID="line_873d487b-2ec3-49c2-b2c0-d0a01520cf30-dummy-Word" HEIGHT="172" WIDTH="1845" HPOS="160" VPOS="1401" CONTENT="usschen twee akkers met aandappelen beplant kunnende te naau¬">
              <Shape>
                <Polygon POINTS="160,1484 187,1468 210,1491 226,1495 254,1468 270,1473 294,1464 305,1475 320,1468 331,1478 353,1461 394,1460 409,1472 454,1471 492,1456 524,1463 596,1452 618,1452 660,1471 671,1463 724,1471 751,1463 765,1474 796,1452 825,1452 833,1444 865,1444 872,1451 886,1444 907,1456 932,1440 948,1454 959,1448 992,1476 1040,1437 1066,1436 1083,1448 1129,1456 1175,1429 1209,1432 1221,1443 1271,1425 1294,1425 1324,1438 1333,1432 1351,1436 1366,1421 1385,1421 1404,1432 1447,1432 1473,1417 1544,1421 1553,1413 1572,1413 1620,1448 1633,1436 1644,1438 1696,1413 1710,1417 1728,1408 1739,1416 1754,1405 1768,1417 1826,1401 1861,1401 1882,1408 1902,1428 1924,1422 1938,1436 1955,1429 1975,1440 2005,1430 2005,1469 1993,1481 1963,1469 1943,1477 1934,1469 1895,1469 1882,1480 1864,1481 1848,1481 1836,1469 1806,1477 1779,1473 1766,1485 1744,1477 1715,1484 1697,1473 1681,1480 1653,1477 1644,1484 1637,1477 1596,1484 1582,1477 1563,1487 1548,1485 1532,1500 1524,1492 1506,1497 1450,1484 1362,1485 1344,1493 1333,1489 1312,1504 1300,1492 1261,1493 1220,1521 1188,1517 1179,1524 1137,1501 1124,1501 1097,1525 1060,1525 1038,1508 1013,1510 979,1541 939,1541 933,1547 883,1537 864,1548 805,1513 788,1513 768,1528 745,1513 732,1524 723,1516 705,1525 665,1517 639,1540 626,1532 611,1537 591,1517 568,1529 551,1521 527,1536 481,1524 452,1540 426,1524 382,1521 367,1528 297,1525 262,1552 256,1549 232,1564 209,1545 178,1573 160,1565"/>
              </Shape>
            </String>
          </TextLine>
          <TextLine ID="f5a0a1d6-5333-4c2f-ac8e-55aa0b0f47d8" HEIGHT="150" WIDTH="1819" HPOS="161" VPOS="1469" STYLEREFS="textstyle-None---sans-serif---proportional---None---None---None">
            <Shape>
              <Polygon POINTS="161,1565 177,1572 195,1557 219,1554 231,1564 245,1553 255,1556 298,1525 426,1525 439,1534 476,1521 513,1535 555,1517 587,1517 610,1537 627,1533 638,1540 659,1521 667,1525 686,1517 705,1525 718,1514 729,1521 747,1509 780,1509 826,1524 844,1541 865,1548 877,1537 894,1549 902,1541 978,1541 1015,1510 1037,1507 1058,1525 1098,1525 1124,1501 1134,1501 1177,1525 1187,1517 1219,1521 1259,1493 1291,1497 1303,1491 1315,1501 1332,1490 1361,1486 1457,1485 1465,1493 1503,1497 1525,1489 1534,1497 1547,1485 1562,1489 1583,1478 1598,1485 1636,1478 1643,1485 1651,1478 1674,1483 1695,1475 1705,1485 1746,1493 1778,1474 1805,1478 1852,1469 1881,1481 1895,1470 1933,1470 1980,1497 1980,1536 1939,1541 1926,1533 1906,1552 1892,1541 1875,1552 1857,1552 1803,1537 1784,1544 1767,1537 1752,1552 1707,1544 1682,1548 1660,1563 1619,1548 1596,1556 1585,1545 1534,1553 1525,1544 1471,1552 1458,1562 1441,1549 1398,1574 1386,1574 1363,1552 1351,1552 1330,1568 1285,1559 1273,1567 1247,1568 1222,1560 1180,1576 1147,1568 1109,1606 1078,1579 1033,1587 1018,1576 996,1591 971,1583 943,1604 924,1591 910,1600 882,1595 870,1583 819,1576 790,1591 767,1584 758,1592 739,1584 703,1619 662,1596 622,1596 597,1607 582,1596 566,1600 537,1591 520,1591 500,1607 487,1603 474,1614 448,1611 434,1600 415,1611 355,1590 328,1595 321,1588 284,1595 265,1607 231,1596 203,1611 175,1595 161,1607"/>
            </Shape>
            <String ID="f5a0a1d6-5333-4c2f-ac8e-55aa0b0f47d8-dummy-Word" HEIGHT="150" WIDTH="1819" HPOS="161" VPOS="1469" CONTENT="vernood haar zamelik zwaal hoofd uit het loof opheffen voor het">
              <Shape>
                <Polygon POINTS="161,1565 177,1572 195,1557 219,1554 231,1564 245,1553 255,1556 298,1525 426,1525 439,1534 476,1521 513,1535 555,1517 587,1517 610,1537 627,1533 638,1540 659,1521 667,1525 686,1517 705,1525 718,1514 729,1521 747,1509 780,1509 826,1524 844,1541 865,1548 877,1537 894,1549 902,1541 978,1541 1015,1510 1037,1507 1058,1525 1098,1525 1124,1501 1134,1501 1177,1525 1187,1517 1219,1521 1259,1493 1291,1497 1303,1491 1315,1501 1332,1490 1361,1486 1457,1485 1465,1493 1503,1497 1525,1489 1534,1497 1547,1485 1562,1489 1583,1478 1598,1485 1636,1478 1643,1485 1651,1478 1674,1483 1695,1475 1705,1485 1746,1493 1778,1474 1805,1478 1852,1469 1881,1481 1895,1470 1933,1470 1980,1497 1980,1536 1939,1541 1926,1533 1906,1552 1892,1541 1875,1552 1857,1552 1803,1537 1784,1544 1767,1537 1752,1552 1707,1544 1682,1548 1660,1563 1619,1548 1596,1556 1585,1545 1534,1553 1525,1544 1471,1552 1458,1562 1441,1549 1398,1574 1386,1574 1363,1552 1351,1552 1330,1568 1285,1559 1273,1567 1247,1568 1222,1560 1180,1576 1147,1568 1109,1606 1078,1579 1033,1587 1018,1576 996,1591 971,1583 943,1604 924,1591 910,1600 882,1595 870,1583 819,1576 790,1591 767,1584 758,1592 739,1584 703,1619 662,1596 622,1596 597,1607 582,1596 566,1600 537,1591 520,1591 500,1607 487,1603 474,1614 448,1611 434,1600 415,1611 355,1590 328,1595 321,1588 284,1595 265,1607 231,1596 203,1611 175,1595 161,1607"/>
              </Shape>
            </String>
          </TextLine>
          <TextLine ID="line_88297f2f-01db-49fd-9440-6c89475272b6" HEIGHT="159" WIDTH="1862" HPOS="159" VPOS="1533" STYLEREFS="textstyle-None---sans-serif---proportional---None---None---None">
            <Shape>
              <Polygon POINTS="159,1603 163,1607 175,1596 210,1611 234,1596 266,1607 306,1588 341,1588 422,1612 440,1596 479,1587 505,1603 522,1592 545,1592 557,1603 597,1594 608,1604 624,1596 662,1596 679,1599 704,1619 736,1592 771,1587 783,1596 819,1576 865,1583 885,1596 911,1599 920,1591 944,1605 974,1583 997,1591 1024,1576 1036,1584 1051,1577 1062,1588 1112,1607 1140,1580 1164,1583 1216,1563 1274,1567 1284,1557 1298,1564 1315,1557 1331,1568 1347,1556 1368,1556 1398,1575 1430,1552 1447,1549 1475,1563 1512,1545 1543,1553 1584,1545 1595,1556 1619,1548 1656,1563 1705,1544 1751,1552 1766,1537 1783,1544 1810,1537 1828,1548 1857,1544 1865,1552 1884,1547 1899,1560 1927,1533 1940,1543 1965,1537 1991,1559 2021,1548 2021,1587 1991,1598 1968,1590 1959,1597 1949,1593 1919,1608 1887,1589 1866,1604 1847,1597 1811,1612 1799,1605 1790,1614 1779,1605 1734,1605 1726,1597 1710,1605 1696,1596 1631,1600 1603,1613 1553,1601 1531,1605 1513,1621 1491,1616 1480,1605 1465,1613 1454,1606 1429,1621 1384,1610 1360,1625 1328,1613 1307,1629 1287,1625 1268,1640 1251,1625 1222,1629 1198,1621 1159,1653 1138,1644 1112,1649 1100,1641 1053,1645 1046,1652 1028,1644 1000,1664 962,1645 938,1656 920,1653 907,1663 887,1650 858,1664 829,1664 767,1637 756,1648 742,1645 729,1652 705,1641 669,1669 639,1642 619,1641 558,1681 545,1680 509,1645 485,1645 433,1674 420,1668 377,1676 344,1660 300,1686 273,1676 252,1684 216,1658 177,1689 167,1692 159,1684"/>
            </Shape>
            <String ID="line_88297f2f-01db-49fd-9440-6c89475272b6-dummy-Word" HEIGHT="159" WIDTH="1862" HPOS="159" VPOS="1533" CONTENT="overige was zy vri wel geproportionneerd. Het kabinel van de">
              <Shape>
                <Polygon POINTS="159,1603 163,1607 175,1596 210,1611 234,1596 266,1607 306,1588 341,1588 422,1612 440,1596 479,1587 505,1603 522,1592 545,1592 557,1603 597,1594 608,1604 624,1596 662,1596 679,1599 704,1619 736,1592 771,1587 783,1596 819,1576 865,1583 885,1596 911,1599 920,1591 944,1605 974,1583 997,1591 1024,1576 1036,1584 1051,1577 1062,1588 1112,1607 1140,1580 1164,1583 1216,1563 1274,1567 1284,1557 1298,1564 1315,1557 1331,1568 1347,1556 1368,1556 1398,1575 1430,1552 1447,1549 1475,1563 1512,1545 1543,1553 1584,1545 1595,1556 1619,1548 1656,1563 1705,1544 1751,1552 1766,1537 1783,1544 1810,1537 1828,1548 1857,1544 1865,1552 1884,1547 1899,1560 1927,1533 1940,1543 1965,1537 1991,1559 2021,1548 2021,1587 1991,1598 1968,1590 1959,1597 1949,1593 1919,1608 1887,1589 1866,1604 1847,1597 1811,1612 1799,1605 1790,1614 1779,1605 1734,1605 1726,1597 1710,1605 1696,1596 1631,1600 1603,1613 1553,1601 1531,1605 1513,1621 1491,1616 1480,1605 1465,1613 1454,1606 1429,1621 1384,1610 1360,1625 1328,1613 1307,1629 1287,1625 1268,1640 1251,1625 1222,1629 1198,1621 1159,1653 1138,1644 1112,1649 1100,1641 1053,1645 1046,1652 1028,1644 1000,1664 962,1645 938,1656 920,1653 907,1663 887,1650 858,1664 829,1664 767,1637 756,1648 742,1645 729,1652 705,1641 669,1669 639,1642 619,1641 558,1681 545,1680 509,1645 485,1645 433,1674 420,1668 377,1676 344,1660 300,1686 273,1676 252,1684 216,1658 177,1689 167,1692 159,1684"/>
              </Shape>
            </String>
          </TextLine>
          <TextLine ID="ec676948-b007-4409-b8f7-e6f75a278444" HEIGHT="157" WIDTH="1810" HPOS="160" VPOS="1589" STYLEREFS="textstyle-None---sans-serif---proportional---None---None---None">
            <Shape>
              <Polygon POINTS="160,1687 171,1695 217,1659 234,1664 253,1683 285,1677 300,1687 342,1660 383,1676 419,1668 432,1674 486,1645 515,1645 561,1680 613,1645 635,1645 662,1672 672,1671 705,1641 729,1652 754,1648 768,1660 797,1652 831,1664 843,1656 861,1664 881,1650 906,1664 925,1652 938,1656 949,1648 976,1648 1002,1664 1029,1644 1047,1652 1085,1641 1125,1641 1150,1652 1176,1645 1200,1621 1229,1632 1272,1617 1312,1625 1329,1613 1346,1617 1384,1609 1420,1610 1427,1617 1443,1613 1452,1621 1481,1605 1507,1624 1532,1605 1553,1601 1589,1608 1602,1601 1612,1608 1693,1596 1729,1613 1751,1601 1769,1609 1792,1589 1823,1589 1831,1597 1843,1592 1866,1605 1889,1589 1915,1608 1951,1596 1970,1609 1970,1648 1961,1645 1917,1668 1901,1657 1875,1656 1841,1680 1805,1672 1765,1688 1745,1687 1725,1668 1687,1680 1645,1664 1631,1675 1613,1668 1595,1675 1579,1664 1522,1676 1505,1669 1474,1687 1441,1687 1434,1680 1414,1691 1368,1684 1341,1696 1302,1676 1269,1680 1241,1695 1230,1685 1209,1683 1166,1709 1121,1684 1089,1698 1083,1692 1051,1714 1041,1714 1014,1692 954,1692 942,1701 892,1696 882,1703 846,1696 823,1710 786,1700 774,1711 733,1723 705,1703 680,1709 654,1703 627,1718 618,1715 595,1734 580,1722 562,1730 548,1718 532,1726 492,1715 382,1711 370,1718 348,1711 325,1734 284,1746 273,1746 257,1730 230,1738 219,1731 201,1734 187,1720 160,1715"/>
            </Shape>
            <String ID="ec676948-b007-4409-b8f7-e6f75a278444-dummy-Word" HEIGHT="157" WIDTH="1810" HPOS="160" VPOS="1589" CONTENT="Graaf van Sternfwit vonden wy nog even als de Heeren reizigers">
              <Shape>
                <Polygon POINTS="160,1687 171,1695 217,1659 234,1664 253,1683 285,1677 300,1687 342,1660 383,1676 419,1668 432,1674 486,1645 515,1645 561,1680 613,1645 635,1645 662,1672 672,1671 705,1641 729,1652 754,1648 768,1660 797,1652 831,1664 843,1656 861,1664 881,1650 906,1664 925,1652 938,1656 949,1648 976,1648 1002,1664 1029,1644 1047,1652 1085,1641 1125,1641 1150,1652 1176,1645 1200,1621 1229,1632 1272,1617 1312,1625 1329,1613 1346,1617 1384,1609 1420,1610 1427,1617 1443,1613 1452,1621 1481,1605 1507,1624 1532,1605 1553,1601 1589,1608 1602,1601 1612,1608 1693,1596 1729,1613 1751,1601 1769,1609 1792,1589 1823,1589 1831,1597 1843,1592 1866,1605 1889,1589 1915,1608 1951,1596 1970,1609 1970,1648 1961,1645 1917,1668 1901,1657 1875,1656 1841,1680 1805,1672 1765,1688 1745,1687 1725,1668 1687,1680 1645,1664 1631,1675 1613,1668 1595,1675 1579,1664 1522,1676 1505,1669 1474,1687 1441,1687 1434,1680 1414,1691 1368,1684 1341,1696 1302,1676 1269,1680 1241,1695 1230,1685 1209,1683 1166,1709 1121,1684 1089,1698 1083,1692 1051,1714 1041,1714 1014,1692 954,1692 942,1701 892,1696 882,1703 846,1696 823,1710 786,1700 774,1711 733,1723 705,1703 680,1709 654,1703 627,1718 618,1715 595,1734 580,1722 562,1730 548,1718 532,1726 492,1715 382,1711 370,1718 348,1711 325,1734 284,1746 273,1746 257,1730 230,1738 219,1731 201,1734 187,1720 160,1715"/>
              </Shape>
            </String>
          </TextLine>
          <TextLine ID="line_3dd95434-0348-42a4-8a64-db9fc249d6e7" HEIGHT="164" WIDTH="1846" HPOS="160" VPOS="1654" STYLEREFS="textstyle-None---sans-serif---proportional---None---None---None">
            <Shape>
              <Polygon POINTS="160,1713 168,1708 201,1733 258,1730 273,1745 296,1745 382,1710 428,1710 440,1718 504,1715 526,1733 548,1718 562,1729 577,1718 595,1733 614,1718 639,1717 654,1702 705,1702 721,1710 729,1702 802,1698 821,1712 846,1698 882,1702 893,1694 918,1694 943,1701 968,1690 1042,1714 1066,1698 1089,1698 1109,1687 1135,1686 1165,1709 1208,1683 1233,1694 1281,1679 1335,1679 1358,1690 1432,1683 1450,1697 1463,1690 1494,1694 1529,1673 1579,1667 1597,1675 1612,1666 1624,1673 1636,1669 1645,1678 1663,1671 1678,1686 1726,1667 1745,1686 1752,1682 1761,1690 1806,1674 1839,1682 1878,1655 1908,1662 1919,1654 1938,1655 1953,1666 1976,1658 2006,1676 2006,1714 1945,1731 1911,1719 1885,1719 1868,1733 1821,1726 1801,1735 1788,1727 1776,1737 1750,1723 1713,1727 1690,1739 1664,1731 1653,1739 1641,1727 1602,1747 1580,1742 1569,1749 1541,1731 1527,1738 1504,1735 1485,1750 1476,1742 1391,1746 1350,1766 1290,1747 1255,1763 1233,1755 1205,1762 1158,1747 1146,1758 1137,1750 1097,1759 1080,1751 1049,1762 1019,1758 981,1784 925,1770 910,1759 898,1767 858,1770 846,1779 802,1767 787,1775 765,1765 733,1787 725,1782 715,1790 690,1778 671,1778 656,1789 601,1771 584,1775 558,1801 549,1798 518,1814 497,1806 469,1815 431,1795 412,1795 398,1782 337,1795 302,1818 276,1810 249,1787 206,1783 192,1794 171,1779 160,1783"/>
            </Shape>
            <String ID="line_3dd95434-0348-42a4-8a64-db9fc249d6e7-dummy-Word" HEIGHT="164" WIDTH="1846" HPOS="160" VPOS="1654" CONTENT="bovengemeld op bl 57 &amp; 58 van het Eerste deel schreves het is volstrekt">
              <Shape>
                <Polygon POINTS="160,1713 168,1708 201,1733 258,1730 273,1745 296,1745 382,1710 428,1710 440,1718 504,1715 526,1733 548,1718 562,1729 577,1718 595,1733 614,1718 639,1717 654,1702 705,1702 721,1710 729,1702 802,1698 821,1712 846,1698 882,1702 893,1694 918,1694 943,1701 968,1690 1042,1714 1066,1698 1089,1698 1109,1687 1135,1686 1165,1709 1208,1683 1233,1694 1281,1679 1335,1679 1358,1690 1432,1683 1450,1697 1463,1690 1494,1694 1529,1673 1579,1667 1597,1675 1612,1666 1624,1673 1636,1669 1645,1678 1663,1671 1678,1686 1726,1667 1745,1686 1752,1682 1761,1690 1806,1674 1839,1682 1878,1655 1908,1662 1919,1654 1938,1655 1953,1666 1976,1658 2006,1676 2006,1714 1945,1731 1911,1719 1885,1719 1868,1733 1821,1726 1801,1735 1788,1727 1776,1737 1750,1723 1713,1727 1690,1739 1664,1731 1653,1739 1641,1727 1602,1747 1580,1742 1569,1749 1541,1731 1527,1738 1504,1735 1485,1750 1476,1742 1391,1746 1350,1766 1290,1747 1255,1763 1233,1755 1205,1762 1158,1747 1146,1758 1137,1750 1097,1759 1080,1751 1049,1762 1019,1758 981,1784 925,1770 910,1759 898,1767 858,1770 846,1779 802,1767 787,1775 765,1765 733,1787 725,1782 715,1790 690,1778 671,1778 656,1789 601,1771 584,1775 558,1801 549,1798 518,1814 497,1806 469,1815 431,1795 412,1795 398,1782 337,1795 302,1818 276,1810 249,1787 206,1783 192,1794 171,1779 160,1783"/>
              </Shape>
            </String>
          </TextLine>
          <TextLine ID="line_5e51e205-7bdd-4468-850d-4a9ae807d141" HEIGHT="153" WIDTH="1855" HPOS="155" VPOS="1717" STYLEREFS="textstyle-None---sans-serif---proportional---None---None---None">
            <Shape>
              <Polygon POINTS="155,1784 166,1777 189,1796 213,1785 247,1788 270,1808 295,1816 323,1796 340,1804 360,1785 370,1792 397,1783 420,1800 484,1792 507,1815 517,1816 525,1808 545,1807 573,1785 594,1793 614,1776 645,1788 693,1773 725,1783 755,1765 789,1777 802,1769 821,1784 828,1777 844,1781 869,1772 903,1789 911,1781 933,1785 947,1776 982,1784 1021,1757 1081,1764 1116,1749 1156,1764 1172,1750 1192,1760 1233,1756 1240,1763 1312,1752 1338,1765 1357,1765 1392,1757 1419,1740 1441,1748 1450,1741 1497,1737 1512,1745 1524,1738 1569,1745 1597,1731 1658,1729 1703,1741 1732,1725 1774,1736 1826,1725 1865,1736 1897,1717 1945,1717 1957,1725 1990,1721 2010,1737 2010,1776 1987,1777 1964,1790 1906,1784 1877,1799 1855,1781 1848,1788 1823,1785 1808,1796 1763,1788 1752,1799 1740,1789 1676,1790 1658,1803 1622,1792 1577,1792 1537,1813 1520,1800 1490,1811 1474,1804 1452,1820 1428,1800 1400,1808 1362,1804 1349,1817 1321,1804 1303,1819 1273,1812 1249,1831 1196,1817 1169,1842 1154,1839 1146,1847 1084,1831 1045,1851 1016,1828 990,1820 957,1824 941,1838 877,1831 853,1842 830,1833 809,1843 800,1835 755,1862 721,1839 707,1847 674,1847 665,1838 640,1851 610,1839 583,1858 560,1842 514,1858 485,1851 460,1870 430,1855 405,1862 367,1850 348,1864 327,1856 316,1867 294,1851 281,1858 263,1851 251,1862 220,1851 182,1858 155,1854"/>
            </Shape>
            <String ID="line_5e51e205-7bdd-4468-850d-4a9ae807d141-dummy-Word" HEIGHT="153" WIDTH="1855" HPOS="155" VPOS="1717" CONTENT="een rommel zoo van alles door elkander waar ik behalven 3 a 4 goede">
              <Shape>
                <Polygon POINTS="155,1784 166,1777 189,1796 213,1785 247,1788 270,1808 295,1816 323,1796 340,1804 360,1785 370,1792 397,1783 420,1800 484,1792 507,1815 517,1816 525,1808 545,1807 573,1785 594,1793 614,1776 645,1788 693,1773 725,1783 755,1765 789,1777 802,1769 821,1784 828,1777 844,1781 869,1772 903,1789 911,1781 933,1785 947,1776 982,1784 1021,1757 1081,1764 1116,1749 1156,1764 1172,1750 1192,1760 1233,1756 1240,1763 1312,1752 1338,1765 1357,1765 1392,1757 1419,1740 1441,1748 1450,1741 1497,1737 1512,1745 1524,1738 1569,1745 1597,1731 1658,1729 1703,1741 1732,1725 1774,1736 1826,1725 1865,1736 1897,1717 1945,1717 1957,1725 1990,1721 2010,1737 2010,1776 1987,1777 1964,1790 1906,1784 1877,1799 1855,1781 1848,1788 1823,1785 1808,1796 1763,1788 1752,1799 1740,1789 1676,1790 1658,1803 1622,1792 1577,1792 1537,1813 1520,1800 1490,1811 1474,1804 1452,1820 1428,1800 1400,1808 1362,1804 1349,1817 1321,1804 1303,1819 1273,1812 1249,1831 1196,1817 1169,1842 1154,1839 1146,1847 1084,1831 1045,1851 1016,1828 990,1820 957,1824 941,1838 877,1831 853,1842 830,1833 809,1843 800,1835 755,1862 721,1839 707,1847 674,1847 665,1838 640,1851 610,1839 583,1858 560,1842 514,1858 485,1851 460,1870 430,1855 405,1862 367,1850 348,1864 327,1856 316,1867 294,1851 281,1858 263,1851 251,1862 220,1851 182,1858 155,1854"/>
              </Shape>
            </String>
          </TextLine>
          <TextLine ID="line_2cd10c2c-67c7-47d2-9b4f-5954ba15b3dc" HEIGHT="168" WIDTH="1839" HPOS="157" VPOS="1780" STYLEREFS="textstyle-None---sans-serif---proportional---None---None---None">
            <Shape>
              <Polygon POINTS="157,1882 212,1852 243,1863 269,1852 278,1859 295,1852 347,1864 363,1851 414,1863 432,1855 459,1871 486,1852 513,1859 538,1844 574,1847 590,1859 609,1840 627,1840 642,1851 657,1843 703,1848 722,1839 754,1863 786,1839 828,1847 837,1839 855,1843 871,1832 910,1831 926,1840 960,1820 999,1820 1049,1847 1087,1831 1139,1849 1158,1839 1168,1843 1196,1816 1233,1832 1250,1831 1280,1811 1305,1816 1320,1804 1330,1811 1339,1804 1361,1822 1383,1808 1394,1812 1408,1800 1427,1800 1453,1821 1476,1804 1495,1808 1521,1800 1535,1808 1547,1796 1561,1800 1579,1792 1603,1800 1619,1792 1660,1803 1691,1788 1734,1788 1751,1800 1761,1790 1779,1799 1811,1795 1824,1784 1854,1784 1871,1800 1922,1780 1930,1788 1952,1788 1971,1803 1996,1796 1996,1835 1970,1851 1945,1836 1911,1844 1891,1836 1846,1847 1820,1863 1801,1855 1790,1862 1763,1844 1719,1844 1675,1871 1650,1867 1630,1851 1600,1851 1556,1866 1538,1855 1512,1855 1488,1866 1471,1859 1399,1859 1373,1878 1354,1867 1335,1879 1315,1868 1288,1886 1261,1867 1248,1867 1220,1887 1188,1871 1169,1871 1156,1878 1140,1875 1103,1898 1063,1879 1036,1879 1028,1886 971,1883 932,1898 883,1887 871,1897 858,1894 823,1925 796,1909 761,1902 719,1925 692,1906 680,1913 655,1902 628,1925 560,1914 544,1926 529,1926 520,1917 508,1926 482,1925 427,1910 416,1921 377,1906 348,1933 338,1925 322,1937 311,1930 290,1941 282,1933 254,1948 215,1925 157,1918"/>
            </Shape>
            <String ID="line_2cd10c2c-67c7-47d2-9b4f-5954ba15b3dc-dummy-Word" HEIGHT="168" WIDTH="1839" HPOS="157" VPOS="1780" CONTENT="schilderyen niets byzonders vond: van de zeer kleine bibliotheeks kan">
              <Shape>
                <Polygon POINTS="157,1882 212,1852 243,1863 269,1852 278,1859 295,1852 347,1864 363,1851 414,1863 432,1855 459,1871 486,1852 513,1859 538,1844 574,1847 590,1859 609,1840 627,1840 642,1851 657,1843 703,1848 722,1839 754,1863 786,1839 828,1847 837,1839 855,1843 871,1832 910,1831 926,1840 960,1820 999,1820 1049,1847 1087,1831 1139,1849 1158,1839 1168,1843 1196,1816 1233,1832 1250,1831 1280,1811 1305,1816 1320,1804 1330,1811 1339,1804 1361,1822 1383,1808 1394,1812 1408,1800 1427,1800 1453,1821 1476,1804 1495,1808 1521,1800 1535,1808 1547,1796 1561,1800 1579,1792 1603,1800 1619,1792 1660,1803 1691,1788 1734,1788 1751,1800 1761,1790 1779,1799 1811,1795 1824,1784 1854,1784 1871,1800 1922,1780 1930,1788 1952,1788 1971,1803 1996,1796 1996,1835 1970,1851 1945,1836 1911,1844 1891,1836 1846,1847 1820,1863 1801,1855 1790,1862 1763,1844 1719,1844 1675,1871 1650,1867 1630,1851 1600,1851 1556,1866 1538,1855 1512,1855 1488,1866 1471,1859 1399,1859 1373,1878 1354,1867 1335,1879 1315,1868 1288,1886 1261,1867 1248,1867 1220,1887 1188,1871 1169,1871 1156,1878 1140,1875 1103,1898 1063,1879 1036,1879 1028,1886 971,1883 932,1898 883,1887 871,1897 858,1894 823,1925 796,1909 761,1902 719,1925 692,1906 680,1913 655,1902 628,1925 560,1914 544,1926 529,1926 520,1917 508,1926 482,1925 427,1910 416,1921 377,1906 348,1933 338,1925 322,1937 311,1930 290,1941 282,1933 254,1948 215,1925 157,1918"/>
              </Shape>
            </String>
          </TextLine>
          <TextLine ID="line_4f24578c-9da0-4e00-adb1-909949f14d65" HEIGHT="162" WIDTH="1806" HPOS="159" VPOS="1836" STYLEREFS="textstyle-None---sans-serif---proportional---None---None---None">
            <Shape>
              <Polygon POINTS="159,1920 178,1916 196,1932 216,1923 259,1951 305,1932 326,1935 336,1928 345,1935 380,1908 423,1914 443,1904 463,1907 483,1923 513,1915 545,1927 566,1908 591,1923 600,1916 627,1924 656,1903 683,1913 692,1907 713,1924 726,1924 752,1904 767,1903 787,1911 797,1907 825,1924 878,1887 900,1893 910,1888 932,1899 945,1887 958,1891 971,1883 995,1895 1018,1880 1028,1885 1052,1876 1079,1884 1099,1876 1136,1884 1190,1872 1226,1891 1249,1868 1263,1868 1276,1879 1287,1868 1315,1868 1345,1883 1374,1878 1396,1860 1438,1860 1453,1868 1470,1856 1489,1867 1530,1856 1551,1870 1574,1856 1610,1856 1626,1848 1648,1867 1672,1874 1719,1844 1766,1844 1785,1860 1802,1856 1821,1863 1868,1836 1907,1844 1920,1836 1965,1856 1965,1895 1911,1918 1896,1910 1881,1918 1848,1908 1812,1919 1789,1907 1754,1906 1740,1914 1714,1907 1647,1907 1625,1926 1588,1911 1552,1930 1514,1915 1494,1918 1435,1946 1426,1946 1399,1919 1377,1919 1263,1958 1224,1930 1170,1934 1152,1945 1139,1934 1118,1931 1111,1938 1067,1935 1017,1966 985,1966 978,1973 867,1947 855,1959 831,1962 809,1982 774,1958 746,1966 715,1958 698,1974 674,1959 656,1966 648,1958 625,1958 590,1977 557,1962 521,1981 490,1982 482,1990 457,1981 440,1990 432,1982 408,1986 393,1976 364,1992 343,1974 316,1974 298,1990 263,1978 242,1982 222,1998 208,1997 189,1982 159,1982"/>
            </Shape>
            <String ID="line_4f24578c-9da0-4e00-adb1-909949f14d65-dummy-Word" HEIGHT="162" WIDTH="1806" HPOS="159" VPOS="1836" CONTENT="ik u niets zeggen daar wy om de kortheid der tyd niet in dezelve">
              <Shape>
                <Polygon POINTS="159,1920 178,1916 196,1932 216,1923 259,1951 305,1932 326,1935 336,1928 345,1935 380,1908 423,1914 443,1904 463,1907 483,1923 513,1915 545,1927 566,1908 591,1923 600,1916 627,1924 656,1903 683,1913 692,1907 713,1924 726,1924 752,1904 767,1903 787,1911 797,1907 825,1924 878,1887 900,1893 910,1888 932,1899 945,1887 958,1891 971,1883 995,1895 1018,1880 1028,1885 1052,1876 1079,1884 1099,1876 1136,1884 1190,1872 1226,1891 1249,1868 1263,1868 1276,1879 1287,1868 1315,1868 1345,1883 1374,1878 1396,1860 1438,1860 1453,1868 1470,1856 1489,1867 1530,1856 1551,1870 1574,1856 1610,1856 1626,1848 1648,1867 1672,1874 1719,1844 1766,1844 1785,1860 1802,1856 1821,1863 1868,1836 1907,1844 1920,1836 1965,1856 1965,1895 1911,1918 1896,1910 1881,1918 1848,1908 1812,1919 1789,1907 1754,1906 1740,1914 1714,1907 1647,1907 1625,1926 1588,1911 1552,1930 1514,1915 1494,1918 1435,1946 1426,1946 1399,1919 1377,1919 1263,1958 1224,1930 1170,1934 1152,1945 1139,1934 1118,1931 1111,1938 1067,1935 1017,1966 985,1966 978,1973 867,1947 855,1959 831,1962 809,1982 774,1958 746,1966 715,1958 698,1974 674,1959 656,1966 648,1958 625,1958 590,1977 557,1962 521,1981 490,1982 482,1990 457,1981 440,1990 432,1982 408,1986 393,1976 364,1992 343,1974 316,1974 298,1990 263,1978 242,1982 222,1998 208,1997 189,1982 159,1982"/>
              </Shape>
            </String>
          </TextLine>
          <TextLine ID="e3dbb1e6-445c-4c5c-9043-c1bc685a65c3" HEIGHT="169" WIDTH="1839" HPOS="141" VPOS="1901" STYLEREFS="textstyle-None---sans-serif---proportional---None---None---None">
            <Shape>
              <Polygon POINTS="141,1968 163,1980 187,1981 223,2004 261,1976 293,1988 319,1972 337,1972 360,1984 410,1980 418,1972 443,1987 454,1981 470,1996 499,1976 545,1980 561,1964 593,1976 616,1960 667,1964 675,1956 700,1972 721,1961 746,1972 765,1963 806,1985 837,1960 854,1961 871,1944 887,1951 896,1947 938,1972 977,1972 985,1964 1012,1964 1024,1952 1034,1956 1067,1933 1105,1933 1115,1940 1143,1929 1178,1936 1237,1928 1271,1952 1289,1952 1307,1940 1324,1944 1354,1928 1400,1960 1412,1948 1474,1932 1504,1913 1539,1913 1562,1930 1590,1913 1641,1924 1675,1905 1779,1913 1793,1901 1838,1904 1873,1916 1890,1909 1919,1929 1980,1917 1980,1956 1959,1967 1926,1976 1908,1967 1876,1975 1860,1967 1842,1983 1810,1960 1765,1983 1726,1987 1703,1975 1682,1983 1632,1983 1618,1972 1555,1972 1467,1985 1429,2010 1395,1991 1371,2015 1330,1991 1311,1999 1299,1991 1266,2013 1250,2003 1229,2022 1194,1993 1171,1991 1159,1999 1133,1995 1123,2004 1076,1999 1036,2019 974,2007 953,2019 940,2007 922,2014 896,2007 860,2031 830,2018 806,2031 776,2015 760,2022 729,2019 703,2038 678,2034 662,2048 626,2046 615,2055 602,2054 578,2030 545,2027 496,2031 480,2047 457,2038 426,2065 413,2062 402,2070 368,2054 354,2064 343,2062 303,2042 271,2062 254,2046 188,2058 167,2050 141,2070"/>
            </Shape>
            <String ID="e3dbb1e6-445c-4c5c-9043-c1bc685a65c3-dummy-Word" HEIGHT="169" WIDTH="1839" HPOS="141" VPOS="1901" CONTENT="rondgesnuffelt hebben: van hier wandelden wy gezamentlyk naar">
              <Shape>
                <Polygon POINTS="141,1968 163,1980 187,1981 223,2004 261,1976 293,1988 319,1972 337,1972 360,1984 410,1980 418,1972 443,1987 454,1981 470,1996 499,1976 545,1980 561,1964 593,1976 616,1960 667,1964 675,1956 700,1972 721,1961 746,1972 765,1963 806,1985 837,1960 854,1961 871,1944 887,1951 896,1947 938,1972 977,1972 985,1964 1012,1964 1024,1952 1034,1956 1067,1933 1105,1933 1115,1940 1143,1929 1178,1936 1237,1928 1271,1952 1289,1952 1307,1940 1324,1944 1354,1928 1400,1960 1412,1948 1474,1932 1504,1913 1539,1913 1562,1930 1590,1913 1641,1924 1675,1905 1779,1913 1793,1901 1838,1904 1873,1916 1890,1909 1919,1929 1980,1917 1980,1956 1959,1967 1926,1976 1908,1967 1876,1975 1860,1967 1842,1983 1810,1960 1765,1983 1726,1987 1703,1975 1682,1983 1632,1983 1618,1972 1555,1972 1467,1985 1429,2010 1395,1991 1371,2015 1330,1991 1311,1999 1299,1991 1266,2013 1250,2003 1229,2022 1194,1993 1171,1991 1159,1999 1133,1995 1123,2004 1076,1999 1036,2019 974,2007 953,2019 940,2007 922,2014 896,2007 860,2031 830,2018 806,2031 776,2015 760,2022 729,2019 703,2038 678,2034 662,2048 626,2046 615,2055 602,2054 578,2030 545,2027 496,2031 480,2047 457,2038 426,2065 413,2062 402,2070 368,2054 354,2064 343,2062 303,2042 271,2062 254,2046 188,2058 167,2050 141,2070"/>
              </Shape>
            </String>
          </TextLine>
          <TextLine ID="eadb369b-71f8-406e-84d5-8f7ed12b5e5e" HEIGHT="182" WIDTH="1859" HPOS="161" VPOS="1959" STYLEREFS="textstyle-None---sans-serif---proportional---None---None---None">
            <Shape>
              <Polygon POINTS="161,2053 224,2054 252,2043 271,2062 287,2047 304,2043 345,2063 363,2055 376,2062 398,2055 427,2063 460,2036 479,2048 496,2031 546,2027 578,2030 603,2052 630,2046 658,2052 674,2039 683,2044 729,2019 776,2015 802,2030 832,2018 857,2031 870,2030 896,2007 918,2014 940,2007 953,2019 971,2007 1036,2019 1076,1999 1123,2003 1133,1995 1160,1998 1171,1991 1194,1993 1229,2022 1250,2003 1261,2011 1279,2006 1306,1983 1371,2015 1395,1991 1429,2010 1467,1984 1483,1986 1511,1975 1618,1971 1631,1982 1670,1977 1682,1983 1703,1974 1727,1986 1764,1983 1803,1959 1835,1982 1860,1967 1875,1975 1908,1966 1928,1975 1966,1959 1983,1959 2010,1978 2020,1975 2020,2013 1994,2014 1944,2034 1917,2022 1876,2049 1839,2022 1823,2029 1806,2022 1792,2034 1771,2022 1743,2034 1731,2026 1708,2026 1679,2038 1652,2030 1634,2040 1615,2034 1589,2056 1571,2041 1539,2061 1507,2061 1475,2045 1446,2045 1400,2081 1380,2066 1350,2065 1343,2072 1314,2053 1299,2057 1286,2049 1236,2065 1216,2054 1195,2054 1166,2074 1150,2061 1136,2061 1122,2069 1090,2069 1062,2085 1050,2078 1036,2085 1022,2073 1003,2077 988,2066 954,2070 921,2093 913,2085 897,2093 864,2085 832,2097 811,2088 790,2093 778,2105 733,2081 674,2101 657,2085 643,2085 605,2109 583,2093 559,2103 533,2093 482,2125 470,2113 442,2129 409,2117 397,2125 377,2117 347,2141 312,2114 284,2132 232,2109 214,2115 192,2109 171,2129 161,2122"/>
            </Shape>
            <String ID="eadb369b-71f8-406e-84d5-8f7ed12b5e5e-dummy-Word" HEIGHT="182" WIDTH="1859" HPOS="161" VPOS="1959" CONTENT="het Bagno zynde een lustplaats van den Graaf die thans te Paays is">
              <Shape>
                <Polygon POINTS="161,2053 224,2054 252,2043 271,2062 287,2047 304,2043 345,2063 363,2055 376,2062 398,2055 427,2063 460,2036 479,2048 496,2031 546,2027 578,2030 603,2052 630,2046 658,2052 674,2039 683,2044 729,2019 776,2015 802,2030 832,2018 857,2031 870,2030 896,2007 918,2014 940,2007 953,2019 971,2007 1036,2019 1076,1999 1123,2003 1133,1995 1160,1998 1171,1991 1194,1993 1229,2022 1250,2003 1261,2011 1279,2006 1306,1983 1371,2015 1395,1991 1429,2010 1467,1984 1483,1986 1511,1975 1618,1971 1631,1982 1670,1977 1682,1983 1703,1974 1727,1986 1764,1983 1803,1959 1835,1982 1860,1967 1875,1975 1908,1966 1928,1975 1966,1959 1983,1959 2010,1978 2020,1975 2020,2013 1994,2014 1944,2034 1917,2022 1876,2049 1839,2022 1823,2029 1806,2022 1792,2034 1771,2022 1743,2034 1731,2026 1708,2026 1679,2038 1652,2030 1634,2040 1615,2034 1589,2056 1571,2041 1539,2061 1507,2061 1475,2045 1446,2045 1400,2081 1380,2066 1350,2065 1343,2072 1314,2053 1299,2057 1286,2049 1236,2065 1216,2054 1195,2054 1166,2074 1150,2061 1136,2061 1122,2069 1090,2069 1062,2085 1050,2078 1036,2085 1022,2073 1003,2077 988,2066 954,2070 921,2093 913,2085 897,2093 864,2085 832,2097 811,2088 790,2093 778,2105 733,2081 674,2101 657,2085 643,2085 605,2109 583,2093 559,2103 533,2093 482,2125 470,2113 442,2129 409,2117 397,2125 377,2117 347,2141 312,2114 284,2132 232,2109 214,2115 192,2109 171,2129 161,2122"/>
              </Shape>
            </String>
          </TextLine>
          <TextLine ID="line_29adc836-58ed-4532-815d-41069726064a" HEIGHT="193" WIDTH="1879" HPOS="162" VPOS="2014" STYLEREFS="textstyle-None---sans-serif---proportional---None---None---None">
            <Shape>
              <Polygon POINTS="162,2122 173,2129 192,2110 214,2114 223,2106 263,2117 282,2133 310,2113 344,2142 382,2117 433,2118 445,2126 462,2117 478,2130 532,2094 550,2094 573,2110 596,2105 607,2111 637,2086 683,2086 693,2094 721,2086 737,2097 761,2086 820,2085 836,2097 875,2085 902,2097 930,2085 973,2090 998,2073 1027,2091 1078,2066 1096,2073 1140,2061 1157,2066 1176,2054 1228,2054 1243,2062 1276,2050 1295,2057 1313,2053 1339,2070 1379,2064 1399,2081 1464,2038 1483,2038 1508,2061 1519,2062 1531,2050 1552,2054 1568,2041 1592,2049 1611,2034 1635,2046 1665,2029 1713,2045 1744,2022 1771,2022 1790,2033 1799,2026 1843,2026 1872,2049 1907,2022 1924,2021 1943,2034 2008,2014 2041,2037 2041,2076 2036,2071 2018,2084 2000,2081 1957,2108 1903,2088 1856,2092 1832,2085 1814,2100 1790,2089 1764,2096 1726,2093 1712,2105 1686,2108 1680,2102 1669,2112 1658,2101 1632,2112 1610,2097 1574,2108 1548,2101 1492,2139 1480,2130 1465,2140 1429,2128 1400,2128 1376,2141 1316,2117 1281,2129 1263,2124 1247,2140 1204,2132 1190,2120 1156,2121 1135,2130 1113,2125 1084,2153 1048,2148 1039,2156 996,2156 964,2133 935,2142 917,2137 899,2148 819,2141 778,2168 742,2152 717,2156 697,2148 675,2160 660,2157 640,2172 617,2152 601,2159 588,2152 565,2156 535,2182 496,2180 471,2196 452,2181 428,2195 371,2167 338,2183 305,2180 288,2188 278,2180 252,2200 229,2191 217,2195 194,2180 162,2207"/>
            </Shape>
            <String ID="line_29adc836-58ed-4532-815d-41069726064a-dummy-Word" HEIGHT="193" WIDTH="1879" HPOS="162" VPOS="2014" CONTENT="hetzelve is op een vierde uur van de stad gelegen een oude bediende">
              <Shape>
                <Polygon POINTS="162,2122 173,2129 192,2110 214,2114 223,2106 263,2117 282,2133 310,2113 344,2142 382,2117 433,2118 445,2126 462,2117 478,2130 532,2094 550,2094 573,2110 596,2105 607,2111 637,2086 683,2086 693,2094 721,2086 737,2097 761,2086 820,2085 836,2097 875,2085 902,2097 930,2085 973,2090 998,2073 1027,2091 1078,2066 1096,2073 1140,2061 1157,2066 1176,2054 1228,2054 1243,2062 1276,2050 1295,2057 1313,2053 1339,2070 1379,2064 1399,2081 1464,2038 1483,2038 1508,2061 1519,2062 1531,2050 1552,2054 1568,2041 1592,2049 1611,2034 1635,2046 1665,2029 1713,2045 1744,2022 1771,2022 1790,2033 1799,2026 1843,2026 1872,2049 1907,2022 1924,2021 1943,2034 2008,2014 2041,2037 2041,2076 2036,2071 2018,2084 2000,2081 1957,2108 1903,2088 1856,2092 1832,2085 1814,2100 1790,2089 1764,2096 1726,2093 1712,2105 1686,2108 1680,2102 1669,2112 1658,2101 1632,2112 1610,2097 1574,2108 1548,2101 1492,2139 1480,2130 1465,2140 1429,2128 1400,2128 1376,2141 1316,2117 1281,2129 1263,2124 1247,2140 1204,2132 1190,2120 1156,2121 1135,2130 1113,2125 1084,2153 1048,2148 1039,2156 996,2156 964,2133 935,2142 917,2137 899,2148 819,2141 778,2168 742,2152 717,2156 697,2148 675,2160 660,2157 640,2172 617,2152 601,2159 588,2152 565,2156 535,2182 496,2180 471,2196 452,2181 428,2195 371,2167 338,2183 305,2180 288,2188 278,2180 252,2200 229,2191 217,2195 194,2180 162,2207"/>
              </Shape>
            </String>
          </TextLine>
          <TextLine ID="line_9f05f68a-6e4c-4d52-9b16-ca490739c6af" HEIGHT="197" WIDTH="1867" HPOS="158" VPOS="2079" STYLEREFS="textstyle-None---sans-serif---proportional---None---None---None">
            <Shape>
              <Polygon POINTS="158,2212 206,2189 217,2193 237,2174 315,2182 344,2167 369,2166 381,2178 416,2190 428,2178 454,2182 480,2172 506,2185 522,2182 558,2154 603,2158 613,2150 642,2174 695,2150 716,2158 738,2152 777,2170 799,2154 846,2170 874,2146 897,2150 948,2135 957,2142 1017,2142 1029,2134 1050,2150 1078,2147 1088,2154 1162,2123 1173,2130 1192,2122 1204,2134 1235,2141 1284,2120 1300,2129 1336,2122 1376,2142 1400,2126 1456,2138 1482,2130 1512,2150 1564,2102 1625,2119 1654,2095 1687,2106 1736,2102 1754,2091 1807,2102 1845,2087 1865,2094 1885,2083 1894,2090 1938,2086 1950,2094 1968,2079 2009,2094 2025,2110 2025,2149 2018,2153 1892,2154 1815,2173 1788,2158 1744,2166 1715,2162 1703,2174 1679,2162 1646,2189 1594,2189 1582,2177 1562,2185 1532,2177 1520,2185 1495,2185 1482,2173 1450,2185 1443,2178 1418,2192 1393,2189 1380,2179 1361,2186 1309,2181 1300,2189 1272,2189 1237,2212 1210,2193 1185,2204 1171,2196 1107,2193 1087,2209 1077,2205 1068,2213 1033,2197 948,2212 924,2197 878,2223 842,2205 799,2212 787,2221 756,2216 747,2225 716,2213 708,2220 694,2213 672,2226 640,2217 608,2240 599,2232 569,2232 553,2244 529,2248 516,2239 496,2256 468,2255 427,2229 372,2271 337,2244 320,2244 312,2236 290,2240 268,2256 250,2248 226,2256 208,2244 176,2276 158,2274"/>
            </Shape>
            <String ID="line_9f05f68a-6e4c-4d52-9b16-ca490739c6af-dummy-Word" HEIGHT="197" WIDTH="1867" HPOS="158" VPOS="2079" CONTENT="van de graaf verzelde ons derwaarts: men vind hier zeer schoone">
              <Shape>
                <Polygon POINTS="158,2212 206,2189 217,2193 237,2174 315,2182 344,2167 369,2166 381,2178 416,2190 428,2178 454,2182 480,2172 506,2185 522,2182 558,2154 603,2158 613,2150 642,2174 695,2150 716,2158 738,2152 777,2170 799,2154 846,2170 874,2146 897,2150 948,2135 957,2142 1017,2142 1029,2134 1050,2150 1078,2147 1088,2154 1162,2123 1173,2130 1192,2122 1204,2134 1235,2141 1284,2120 1300,2129 1336,2122 1376,2142 1400,2126 1456,2138 1482,2130 1512,2150 1564,2102 1625,2119 1654,2095 1687,2106 1736,2102 1754,2091 1807,2102 1845,2087 1865,2094 1885,2083 1894,2090 1938,2086 1950,2094 1968,2079 2009,2094 2025,2110 2025,2149 2018,2153 1892,2154 1815,2173 1788,2158 1744,2166 1715,2162 1703,2174 1679,2162 1646,2189 1594,2189 1582,2177 1562,2185 1532,2177 1520,2185 1495,2185 1482,2173 1450,2185 1443,2178 1418,2192 1393,2189 1380,2179 1361,2186 1309,2181 1300,2189 1272,2189 1237,2212 1210,2193 1185,2204 1171,2196 1107,2193 1087,2209 1077,2205 1068,2213 1033,2197 948,2212 924,2197 878,2223 842,2205 799,2212 787,2221 756,2216 747,2225 716,2213 708,2220 694,2213 672,2226 640,2217 608,2240 599,2232 569,2232 553,2244 529,2248 516,2239 496,2256 468,2255 427,2229 372,2271 337,2244 320,2244 312,2236 290,2240 268,2256 250,2248 226,2256 208,2244 176,2276 158,2274"/>
              </Shape>
            </String>
          </TextLine>
          <TextLine ID="line_5cd4d090-0a96-4a51-920a-5e6cc49ef6cf" HEIGHT="177" WIDTH="1876" HPOS="158" VPOS="2151" STYLEREFS="textstyle-None---sans-serif---proportional---None---None---None">
            <Shape>
              <Polygon POINTS="158,2247 171,2254 184,2246 216,2245 234,2254 250,2238 265,2238 275,2247 313,2230 367,2267 380,2258 387,2263 434,2226 459,2250 505,2262 524,2250 552,2246 574,2230 608,2238 638,2218 676,2226 707,2210 756,2230 773,2218 786,2222 802,2206 840,2204 877,2222 899,2202 911,2206 919,2198 947,2210 978,2206 989,2195 1040,2198 1057,2214 1082,2214 1098,2198 1166,2198 1201,2187 1210,2194 1253,2183 1301,2190 1337,2179 1364,2190 1388,2175 1426,2175 1436,2185 1462,2174 1520,2186 1623,2163 1645,2174 1673,2163 1704,2176 1717,2163 1724,2169 1743,2159 1757,2166 1794,2159 1813,2174 1820,2167 1921,2151 1962,2167 1991,2158 2012,2174 2034,2166 2034,2206 2018,2217 1992,2207 1972,2221 1959,2213 1936,2226 1906,2213 1889,2214 1872,2230 1841,2229 1832,2237 1807,2233 1780,2253 1744,2245 1718,2222 1704,2222 1685,2235 1669,2229 1656,2241 1626,2241 1606,2229 1591,2241 1527,2237 1519,2245 1466,2245 1434,2269 1411,2268 1381,2240 1267,2245 1229,2269 1200,2269 1177,2257 1110,2284 1095,2284 1076,2266 1053,2268 1042,2261 1004,2272 911,2269 879,2294 865,2285 849,2296 818,2273 806,2273 766,2312 723,2283 713,2289 687,2285 679,2293 625,2285 612,2296 600,2289 550,2289 543,2295 527,2289 489,2300 481,2296 471,2304 436,2293 401,2300 383,2312 368,2300 346,2318 330,2312 320,2320 291,2301 283,2308 273,2304 253,2324 227,2308 187,2328 158,2305"/>
            </Shape>
            <String ID="line_5cd4d090-0a96-4a51-920a-5e6cc49ef6cf-dummy-Word" HEIGHT="177" WIDTH="1876" HPOS="158" VPOS="2151" CONTENT="partyen zoo als het gezicht over de Groote vyver en eenige andere">
              <Shape>
                <Polygon POINTS="158,2247 171,2254 184,2246 216,2245 234,2254 250,2238 265,2238 275,2247 313,2230 367,2267 380,2258 387,2263 434,2226 459,2250 505,2262 524,2250 552,2246 574,2230 608,2238 638,2218 676,2226 707,2210 756,2230 773,2218 786,2222 802,2206 840,2204 877,2222 899,2202 911,2206 919,2198 947,2210 978,2206 989,2195 1040,2198 1057,2214 1082,2214 1098,2198 1166,2198 1201,2187 1210,2194 1253,2183 1301,2190 1337,2179 1364,2190 1388,2175 1426,2175 1436,2185 1462,2174 1520,2186 1623,2163 1645,2174 1673,2163 1704,2176 1717,2163 1724,2169 1743,2159 1757,2166 1794,2159 1813,2174 1820,2167 1921,2151 1962,2167 1991,2158 2012,2174 2034,2166 2034,2206 2018,2217 1992,2207 1972,2221 1959,2213 1936,2226 1906,2213 1889,2214 1872,2230 1841,2229 1832,2237 1807,2233 1780,2253 1744,2245 1718,2222 1704,2222 1685,2235 1669,2229 1656,2241 1626,2241 1606,2229 1591,2241 1527,2237 1519,2245 1466,2245 1434,2269 1411,2268 1381,2240 1267,2245 1229,2269 1200,2269 1177,2257 1110,2284 1095,2284 1076,2266 1053,2268 1042,2261 1004,2272 911,2269 879,2294 865,2285 849,2296 818,2273 806,2273 766,2312 723,2283 713,2289 687,2285 679,2293 625,2285 612,2296 600,2289 550,2289 543,2295 527,2289 489,2300 481,2296 471,2304 436,2293 401,2300 383,2312 368,2300 346,2318 330,2312 320,2320 291,2301 283,2308 273,2304 253,2324 227,2308 187,2328 158,2305"/>
              </Shape>
            </String>
          </TextLine>
          <TextLine ID="line_4882f64b-c30e-4fbd-85e1-8eea37c521c2" HEIGHT="194" WIDTH="1769" HPOS="164" VPOS="2221" STYLEREFS="textstyle-None---sans-serif---proportional---None---None---None">
            <Shape>
              <Polygon POINTS="164,2363 207,2320 222,2312 252,2316 276,2301 283,2308 306,2301 321,2313 333,2309 348,2317 369,2300 414,2302 423,2293 467,2293 476,2300 506,2289 600,2288 613,2296 624,2285 674,2293 688,2285 703,2297 721,2281 733,2281 762,2308 805,2273 868,2297 901,2273 929,2265 1013,2272 1047,2261 1109,2285 1157,2261 1172,2261 1185,2249 1201,2261 1214,2252 1250,2260 1268,2245 1311,2244 1327,2253 1340,2243 1378,2240 1412,2268 1432,2269 1460,2253 1472,2264 1491,2245 1517,2245 1526,2237 1591,2241 1607,2229 1656,2240 1672,2227 1684,2236 1703,2221 1717,2221 1742,2244 1768,2252 1811,2236 1844,2237 1855,2228 1886,2229 1933,2245 1933,2284 1925,2280 1904,2296 1857,2284 1791,2336 1782,2331 1767,2343 1724,2355 1707,2344 1672,2339 1660,2327 1624,2335 1600,2316 1562,2323 1528,2308 1508,2323 1500,2316 1472,2324 1457,2315 1415,2331 1406,2328 1395,2339 1368,2339 1343,2362 1332,2351 1302,2371 1281,2370 1260,2358 1239,2363 1224,2348 1211,2359 1174,2358 1127,2335 1091,2355 1065,2355 1057,2347 1030,2351 1015,2339 989,2356 955,2347 901,2387 868,2382 857,2391 809,2359 791,2370 781,2367 770,2378 746,2363 719,2363 670,2387 607,2395 598,2386 550,2395 535,2407 513,2390 484,2410 462,2403 427,2415 402,2415 356,2375 319,2403 268,2375 256,2387 224,2379 206,2394 200,2388 164,2406"/>
            </Shape>
            <String ID="line_4882f64b-c30e-4fbd-85e1-8eea37c521c2-dummy-Word" HEIGHT="194" WIDTH="1769" HPOS="164" VPOS="2221" CONTENT="punten doch het geheel word door de veelheid der Gebouwen">
              <Shape>
                <Polygon POINTS="164,2363 207,2320 222,2312 252,2316 276,2301 283,2308 306,2301 321,2313 333,2309 348,2317 369,2300 414,2302 423,2293 467,2293 476,2300 506,2289 600,2288 613,2296 624,2285 674,2293 688,2285 703,2297 721,2281 733,2281 762,2308 805,2273 868,2297 901,2273 929,2265 1013,2272 1047,2261 1109,2285 1157,2261 1172,2261 1185,2249 1201,2261 1214,2252 1250,2260 1268,2245 1311,2244 1327,2253 1340,2243 1378,2240 1412,2268 1432,2269 1460,2253 1472,2264 1491,2245 1517,2245 1526,2237 1591,2241 1607,2229 1656,2240 1672,2227 1684,2236 1703,2221 1717,2221 1742,2244 1768,2252 1811,2236 1844,2237 1855,2228 1886,2229 1933,2245 1933,2284 1925,2280 1904,2296 1857,2284 1791,2336 1782,2331 1767,2343 1724,2355 1707,2344 1672,2339 1660,2327 1624,2335 1600,2316 1562,2323 1528,2308 1508,2323 1500,2316 1472,2324 1457,2315 1415,2331 1406,2328 1395,2339 1368,2339 1343,2362 1332,2351 1302,2371 1281,2370 1260,2358 1239,2363 1224,2348 1211,2359 1174,2358 1127,2335 1091,2355 1065,2355 1057,2347 1030,2351 1015,2339 989,2356 955,2347 901,2387 868,2382 857,2391 809,2359 791,2370 781,2367 770,2378 746,2363 719,2363 670,2387 607,2395 598,2386 550,2395 535,2407 513,2390 484,2410 462,2403 427,2415 402,2415 356,2375 319,2403 268,2375 256,2387 224,2379 206,2394 200,2388 164,2406"/>
              </Shape>
            </String>
          </TextLine>
        </TextBlock>
      </PrintSpace>
    </Page>
  </Layout>
</alto>
