2083 2540
197 53 1824 143 onzer had het toch op die historie begrepen: dan verbeeld en des mor=

197 142 1826 124 gens toen wijder man, voor wien wy zoo vreesder, en die in een nabu„

204 191 1838 141 hy vertrek was gegaan, wilden oproepen, ten einde te zien of hy ons

196 262 1813 140 voor ons afreden wat toffy konde bezorgen, had deeze zyn deur

193 330 1840 140 van de andere kant met een touw slyf toegemaakt waarschyn=

191 402 1859 151 lyk even vang voor ons zinde die hi met 2 pistoolen stokken en

194 471 1848 164 uit de wager had zien komen, als wij voor hem waren; dit deed ons

194 572 706 116 toen nog hartelyk laachen.

203 552 1808 206 De volgende morgen reden wy zonder te ontbyzen van Thesen (want

196 675 1848 152 des morgens toen het licht wierd bleek het dat wy wel te Thezen waren

197 743 1811 144 en kwamen over Poplits naar Sigeaar 1 uuren van Thesen gelegen

201 816 1836 141 hier ontbeten wy en reden toen verder langs eene zeer zandige weg

198 881 1824 139 door de dorpen Fiesel en Reisig en tot eene herberg mieden in een

198 949 1817 159 tamelyk lang bosch gelegen hier waren wy zeer verwonderd ons in

199 1014 1814 144 het Hollandsch te horen aanspreken en wel door iemand die tame„

200 1086 1823 157 lyk wel en Groningen scheen bekend te zyn en er eenige kennissen

198 1158 1685 136 had, het was een Heer Tissin directeur van het postweren in

197 1206 1857 196 Pruissisch minder een neef van de Hr. Knypinga Schoon een Duitscher

195 1296 1802 160 van geboorte zynde. In dit bosch ontmoettede ons veele zwaar

189 1368 1865 158 beladene wagens met 6á 9 paarden meest al hengsten bespannen

197 1445 1855 165 deeze waren op allerhande wyze voorgeslagen als twee en twee

197 1519 1842 157 vier en vier, by drie ën enze Reeds kregen wy de stad Brandenburg

200 1598 1844 164 in het gezicht en na deszelfs geregtsplaats gepasseerd te zin

1081 1684 69 54 plaats

196 1682 1807 162 reden wy deeze oude vervallene om half drie binnen. In het

196 1753 1829 166 logement de adelaar alen wyzamelyk wel wandelden een wei=

195 1820 1819 172 nig door de stad en verlieten dezelve toen om half vyf uur van

193 1901 1824 159 hier tot Polsdan hadden wij eene goede chanssé, die hier voor uit=

193 1983 1849 160 muntend doorging en die men byna met eene Hollandsche zoude

202 2061 1829 152 kunnen vergeliken, zij was aan weerstijden met schoone popu¬

211 2135 1853 156 lieren beplant; successivelyk kwamen wij door Geserie, Grossen Kreuten,

212 2228 1842 140 en Gelton, het dorpje werder lings latende liggen. Tot hiertoe was

221 2298 1751 164 de weg zeer vervelend en eentonig geweest dan hier begon dezelve
