2083 2540
1877 5 109 80 56

969 44 710 113 Gillingen den 12 July 1816.

577 154 500 186 waardste vriend.

171 308 1804 161 Alvorens Göttingen te verlaten wil ik u nog eenige letteren doen toe

164 414 1824 117 komen daar ik welligt in eenige dagen geene gelegenheid zal vinden

158 479 1855 110 i te schryven; want weet dat wij voornemens zyn het sartsgebergte

158 540 1812 109 te voet door tereisen waarvan ik my, by het heerlyke weder, dat wi

160 591 1841 125 thans genieten, veel voorstel. Zoo ik my niet bedriegben ik in myne

158 660 1847 123 vorige met en tot onze aankomst alhier gekomen, gy weet dus nog niets

161 723 1817 125 van dat stadje slechts 7000 inwonerstellende echter om zyne Hooge

158 782 1810 144 school, waar thans over de 1000 studenten zin, zoo beroemd, & hierom

163 860 1315 130 trent ben ik ingewis het een en ander schuldig.

168 923 1805 138 Al aanstonds na onze komst alhier begaven wy ons gezamentlyk

165 997 1793 125 onze overige risgenoten die vooruitgereist waren vonden wy hier

166 1045 1845 137 weder) naar de schoone bibliotheek; doch noc UEd hiervan eene beschry

165 1104 1790 147 ving te geven, hoe de indruk te vermelden dien het eerste gezicht

167 1168 1797 141 van die onafmeetbare zalen op ons maakte genoeg zulks is niet

168 1228 1836 162 doenlyk het zy te genoeg te weten dat dezelve met die van Dreeden

166 1292 1800 149 voor de beste van gansch Duitsland wordt gehouden, dat zy uit

167 1351 1812 157 neer dan 250,000 banden bestaat en zeer ryk is in plaat & pracht=

164 1426 1809 152 werken; zoo zagen wy toch ook hier het heerlyk werk van Denon

165 1494 1820 153 les Antiquités Egyptiennes op last van Najoleon vervaardigt &

168 1572 1808 144 hetgeen 1000 thales of 1800 guldens kost. De hoofdverdeling, die in

167 1650 1779 122 deeze bibliotheek heerscht, is en Iwridische Theologische boeken & in

166 1705 1850 117 Abri Miscellanci waartoe de medische, Historische enz gebragt wor„

168 1777 1846 140 den: de Heeren Professoren Reuss en Benecke zyn thans bibliothecarissen

171 1847 1772 120 en moeten als zoodanig alle dagen van 1 tot 2 en twee maal in de

167 1905 1858 140 veek van 2-4 op het locaal der bibliotheek aanwezig zyn om, tegen

166 1979 1850 133 behoorlyk heen en op verzoek van een der Professoren, aan de studen

164 2047 1819 128 en zoodan voor een tyd lang zoodanige boeken uitte langen als

167 2119 1859 140 zy verkiezen; hiervan schynen my die Heren druk gebruik te maken

169 2188 1831 146 want 2oo dikwyls als wy er geweest zyn liepen zy onophoudelyk
