2083 2540
201 85 1797 130 olypodrigo is van alles door elkander: met een opslag van het oogziet

182 170 1868 105 men hier toch by elkander 2 grote hemelgloven, kasten met diezen op liquor

187 227 1864 107 en met hoorens en schelpen, een yzeren harnas, een kunstig slot, het plan

178 293 1821 112 van Ternsalem, een van glas gesponnene parink, de togt der Toraelden

176 351 1848 104 door de woestyn, eenige chinesche raxiteiten, het vinnendte van eene myn

179 415 1859 117 waarin, by het zonddrajen alles inbeweging was is en duizend andere

184 483 1830 113 dingen meest door missionarissen gegeven: in eene bus geeft men iets

184 549 1837 120 tot ondersteuning van het tabinet daar onze geleeder niet wil„

184 614 1829 121 de en niets mog aannemen. Op een soort van observatorium, waar

176 689 1860 116 ook eene chambre obseure is, heeft men een schoon Panciamna van de

172 759 1879 120 stad. Hier is ook een net kerkje 't welk men bezig was in order te brengen

175 834 1873 120 als hebbende voor 2 jaren tot een Lazaret voor Russische & Pruissische

168 907 1784 119 militairen gediend. Agter dit gebouw is de veroemde Cansteinsche

168 986 1791 108 bybeldrukkery waarin ze van May 1712 tot 1815 meer dan 3 miljoen

171 1053 1828 123 bybels, blykens het gedrukte verslag daarvan, zyn gedrukt geworden

171 1124 1819 112 de opziener zeide ons dat zy thans alleen voor bybelgenootschap

174 1179 1721 125 pen drukten en het is verwonderlyk hoe men de Exemplaren voor

174 1265 1847 116 zulk een geringe prys kan leveren: toe wy er waren was men weder

176 1334 1797 119 bezig boo stuk in eene Kist te pakken die na America verzonden

170 1405 1826 123 moest worden: naast deeze drukkeny is eene zeer zindelyke biblio=

170 1480 1809 119 theek die, zoo ik meen, ook tot het weeshuis behoort. Dat wy te

174 1558 1769 112 stalle zynde ook eene visite by den Heer La Fontaine aflegden

173 1611 1774 137 spreekt van zelven; door den Pacfr Niemeyer zyn neef hadden wy

183 1702 1755 112 voor ons allen belet doen vragen en de Heer Canonicus outing ons

173 1771 1811 130 allergulst als of wy altyd kennissen Geweest waren op zyn overheer

176 1844 1860 124 lyk landgoed een kwaatiertje buiten de stad Gelegen. Thans 56 jaren

176 1926 1809 119 oud heeft de Heer la Fontaine een vrolik en gelukkig numeur

164 1992 1821 129 en met het Grootste Genoegen vragten wy eenige aangename &

168 2069 1804 135 onderhoudende uren al wandelde in zyne tuin door hy schynt

168 2143 1834 135 veel lectuur te hebben en de oude schryvers vlijtig te besteederen

164 2222 1836 128 in zyn boekvertrek toch vonden wy alle Grietsche auteuren

165 2296 1767 141 waarover hy gaarn sprak en die hy veel scheen te lezen
