2083 2540
352 1 356 74 Personer

1866 57 83 53 13

147 62 1833 177 verlicht was; wy vonden geen levende ziel, onze voerman kwam een moment

137 178 1828 139 by ons om het brood voor zyne paarden te suyden, waarmede hy waarschin

134 237 1843 149 yk dadelyk is weggereden daar wy hem in 't geheel niet weder gezien hebben

135 297 1823 150 sedert de vorige middag niets gebruikt hebbende is het geenzins te

135 357 1845 160 verwonderen dat wy een schreeuwenden honger hadden en alle moeite

1188 411 640 76 daar al ons roepen niets uitwerkte

137 429 1841 127 aanwendden om de slaapplaats van den postmeester te vinden, langen

136 492 1846 137 tyd was zulks te vergeefs, daar wij om de lamp niet van de tavel dorsten

137 559 1838 150 nemen vreezende dat dezelve door de togt zoude uitgaan & wy geheel

135 622 1815 152 alleen in donkeren in een vreemd huu zouden zyn; een onzer met de

135 686 1847 161 handen bylangs de muren van de zaal voelende opende wel verschei

132 764 1834 149 de deuren doch kwam nu eens in eene donkere zykamer, dan eens

130 830 1833 145 met de neus in eene kleer of provisie Kast dan weder elders tot het

131 901 1770 158 hem eindelyk gelukte het bed van den Postmeester & zyne Ega

134 970 1854 169 te vinden: wakker gemaakt zynde antwoordde hy ons gransto„

1818 1111 123 47 dezelve

136 1050 1795 178 zig dat wij te vroeg kwamen dat de postwagen nog niet kon komen

138 1127 1832 151 en hy niet verpligt was voor ons opte staan als wi verkozen voor¬

134 1195 1839 166 uit te zyden; alons bidder huelp eerst niet, doch eindelyk ontfermde

138 1273 1834 142 de man zich onzer, stond op gaf ons ander licht en bezorgde in ee

140 1331 1846 188 kleinder vertrekje boter, brood en zoogenaamde fusel het eenige dat

135 1414 1868 157 wy bekomen konden & dat ons in het holle van de nagt zeer goed smaak

138 1486 1822 182 te Toen kort daarop ons overig gezelschap aankwam, verhaalden

146 1562 1819 157 wy hun onze siene nocturre, waar vry wat om gelaschen wierd.

144 1631 1822 165 By ons vertrek konden wy van onzen vriendlyken, doven, slaapri

145 1716 1823 160 gen postmeester geene vywagen bekomen als eene ellendige boldewa¬

157 1787 1827 156 gen van onderen spits toelopende, van boven open, van ter zyden geheel

159 1858 1819 165 hol, zonder banken of iets, zoodat de een op een pakje een ander

157 1943 1814 163 op een valies luz ging zitten: Prof=s Tydeman ging op de postwagen

156 2012 1822 161 waarvoor Modderman by ons kwam, Met dit ellendig ryting ver=

266 2129 171 52 dezen morge

153 2086 1822 159 leeden wij voort na drie uur Neuenkerchen en of onophoudelyk stap

159 2172 1818 158 pende besloten wy met iemand, die de weg wist, vooruit te wande=

156 2248 1799 174 len waardoor wy tydig genoeg op het Hauf, zynde de eerste herberg,
