2083 2540
147 1 1841 210 vor de vruchtbare velden zich eenen weg baanende regt op ons aanschiet„

146 134 1849 137 svlak voor ons zich met geweld onder de schoone brug doorwringt en haare

147 192 1832 151 vateren met den Ryn vermeugt, hier naast de stad Coblents met het schoone

143 259 1837 138 voormalige slot en het Karthuiser klooster, en juist onder ons het lieflike

144 318 1839 153 hel Ehrenbreitstein dat zich als om den rols slangert: korton men omvat

150 389 1807 143 hier in eens alle de te voren opgemerkte schoone toneelen; geen wonder

148 446 1817 153 ds dat wij niet dan met groote tegenzin van deeze plaats scheidde

143 512 1823 172 daar hier by nog de gedagte kwam dat wy met 4 dagen op vaderland

146 579 1851 165 he bodem zullende zyn mogelyk voor het laatst van zulk eene hoogte

151 653 1791 161 in dergelyk gezigt zagen, dan de tyd drong ons daar wy nog gaard

148 716 1803 169 heden avond het tot Nieuwied wilden brengen. wy daalden dan langs

142 788 1767 172 dezelfde weg na blaeden, dan twee onzer meenende eenen korteren

133 853 1804 185 beteren weg te vinden, kwamen niet zonder gevaar aan de andere

142 923 1834 176 zyde der rots af waar zy door struiken en langs scheepe jotepunten

141 995 1812 171 afgleden ons dit een en ander met sprekende bewyzen van gescheurde

135 1073 1876 173 klederen de aantonende. Na beneden in Thal eenige provisie van vruch

131 1141 1829 162 ten medegenomen te hebben, begaven wy ons om 4½ uur aan voort en

134 1204 1857 165 waren reeds voor 6 uur in Nieuwied aangekomen schoon het in de wind

133 1276 1842 181 was, hetgeen toch altyd wat tegenhoud, en het eene distantie van rin

129 1351 1843 176 vier uur is: dan wy konden weinig van dit traject zien genoodzaakt

133 1417 1828 185 zynde om wegens de regen het zeildoek geheel te laten vallen: op

128 1493 1839 182 de linker oever bespeurde ik weinig of geene bergen meer dan alleen in

130 1566 1802 185 de verte, wy dreven voorby een paar eilande, waarop vervallene

131 1637 1885 190 Kloosters, lieten op den regter oever de dorper Malter, Bendorf, Mullenhe

132 1704 1870 194 fen, Engers, Rheinroff en Langendorf met de ruines van Taijn en Romme

132 1787 1855 203 dorf liggen en passeerden op den linker oever Neuendorf, Wallerstein

131 1852 1816 222 Kesselheim, Urmitz, Guten Mann en Weisen Thurn, waar de Rhyn

125 1927 1866 204 schynt stomp te loopen, tot dat dezelve met eene bogt om Langendorf

133 2013 1848 197 ons regt te Nieuwied bragt waar wy den nagthopen door te brengen

133 2089 1860 189 wy zyn om de nabijheid van het water niet, in het sternhuttersche

133 2200 1185 142 logement maar in het anker gaan logeren.

134 2195 1854 210 Dit stadje, waar 5000 inwoners zijn, is even boven, de honderd jaren oud, zeer

137 2311 1889 182 het met ruime en breede straten gebouwt, het behoorde weleer aan de Graaf
