2083 2540
1940 31 96 102 54

195 38 1809 192 In 1687 out dekte een zeker bergweaker Bauman dit hol dat uit verschei=

199 179 1811 115 den zalen en verdiepingen van zwart marmor, met stallactict of druip=

197 238 1820 125 steen overtogen, bestaat, doch moest ook zyne ontdekking met de dood

199 292 1845 137 bekopen daar hy, na langen tyd er in om gedwaald te hebben, er wel

198 357 1845 158 levendig uitkwam, doch door honger en doast zoodanig was uitgepat,

189 442 1866 137 dat hij ommidlyk daarop stierp. Onze tegenwoordige geleider, een afstan

193 511 1833 133 meling van genoemde Bauman, waarna de köhle ook genoemd is, had

197 591 1777 128 ervolgens zyn zeggen ook zestien uur en omgelopen meestal in de

193 652 1829 145 zelfde regting zonder nog een lind te kunnen vinden gelukkig had

203 737 1786 141 bij de ingang wedergevonden: niemand weet nog hoe ver deeze

206 805 1850 134 marmorgangen wel onder de bergen doorlopen. In de nedergevallen

1654 879 303 69 verschillende

198 892 1754 126 en nog vallende druppen die zich tot druipsteen in allerhande

199 966 1830 140 figuaren gevormd hadden hiet hy ons allerhande gelykenissen op=

202 1044 1765 137 merken waartoe dikwyls eene groote verbeeldings kragt nodig

203 1119 1813 125 was: het drupte nog onophoudelyk van de hooge gewelven waartoe

201 1189 1790 131 wy dan ook andere klederen aan hadden. Na alvorens een pis=

203 1265 1823 129 roolschot in dit antrum gelost te hebben, hetgeen vreeslyk klonk,

204 1336 1769 139 verlieten wij met onzen geleide, die ons alle seine lieve Kinder

201 1420 1814 135 noemde, en vonden onze wagen in de herberg: met verwondering

200 1483 1864 135 zagen wy echter dat wy tot het zien der töhle zuur besteed had=

202 1564 1853 132 den en het reeds 3 uur was: dit moesten onze twee zwaare heng=

202 1652 1819 137 sten, die wy voor het ryting hadden, bezuren en er een tredje

208 1731 1774 132 harder om loopen. De marmorgroeven en eene stoute partyj

211 1799 1837 143 kale rotsen, die als over den weg schenen te hangen, gepasseerd

211 1893 1788 134 zynde bespeurden. wy duidelyk en byna by ieder stap dat wij

213 1952 1866 158 niet lang meer in de stants zouden zyn: voorby Huttenrode wierd

214 2038 1867 163 de weg zoo slegt dat wy niet anders dagten dan te zullen omval„

221 2116 1849 159 len, daar onze voerman op het voorste paard zittende zich let=

217 2207 1818 141 telyk hield aan onze recommandatie om hard te zijden, zich om

212 2284 1853 137 de wagen niet bekreumde en dus dikwijls met een wiel overvluuten

215 2365 1855 135 steenbullen enz voort: zoo kwamen wi onder een geweldigstoten der
