2083 2540
1939 80 106 61 142

204 85 1791 147 der myne aandagt tot zich trokken: deeze toch hadde, de hooren alle regt

199 173 1841 119 agterwaarts gekeeld; waren zeer zwaar van Kop, hadden den rug buiten

194 235 1853 130 gewoon doorgezakt en eene zeer zware en lange staart met een buitenge

195 302 1852 123 groote pluim het staarteen laghun voorts zeer hoog: Profs Sturm. zeide

192 357 1811 134 my in een zeker journaal, waarin hy byzonder over de landbouw en

189 422 1844 136 vieteelt handelde, en waarvan hij nu en dan een Nummer uitgaf, een

189 486 1855 142 ge afbeeldingen van die verschillende rassen gegeven te hebben en beloofde

194 558 1849 142 my over tegsich dit N=o te zullen toe zenden, zyn Hooggel: kon het mij toen

189 630 1844 138 niet geven als hebbende alle zyne boeken te Thifuat: hier waren voorts

188 706 1755 131 nog eenige zeer e stieren wierkop, hals en borst buitengewoon

187 773 1842 126 zwaar was, eenige Champagher varkens die wel een paar poten meer no¬

185 834 1833 135 dighadden om hun lang uitgerekt lichaam te kunnen ondersteenen

185 906 1866 118 en waarvan de beide oude met vreeelyke slagtander gewapend waren

181 989 1837 110 In de brouwery, die hier mede verbonden is, legt men zich zeer toe om

180 1051 1845 122 op allerhande wyzen het vier spoedig te verkoelen hetwelk niet wei„

185 1126 1802 119 nig tot deszelfs deugd moet toebrengen men liet het daartoe doa

183 1198 1825 121 Koperen buizen stroomen enz: de groote Kelder is onder een berg die

189 1275 1860 123 men geheel uitgeholt en gewelft heeft hier kon eene groote parti

186 1347 1846 119 Geborgen worden. Sturm presenteerde ons hier aan de Fran Ober

1782 1425 83 56 va

167 1422 1850 110 Dierectorin dat op het oog een zeer fatzoenlyk mensch was van onder

182 1493 1841 113 tot boven inhelder wit gekleede dame, doch die voor haar vak zeker

180 1563 1843 118 veel over heeft want toen een onzer nog over de genoemde van hens

181 1637 1803 127 sprak kletste zy door dik en dien heen en drong met een stok

193 1706 1805 130 gewapend tot in het hok, om, zoo als zy zeide, de Stammoeder

185 1785 1864 138 van het geslacht er uit te halen, er tevens het oude vanken uitdaa

181 1861 1817 130 vende. van hier terugkerende doet zich het in eene lieve smaak ge„

184 1933 1859 137 bouwde Hertoglyke Slot, aan de ingang van het Park gelegen, zeer goed

183 2012 1854 129 voor het oude slot is voor eenige jaren geheel afgebrand en hierby heeft

180 2082 1841 130 de stad Weymar veel Gewonnen. De aankomst in de stad zelve, dieraange

183 2158 1859 127 v is ook treffend, en overheerlyk het gezicht dat men van

184 2227 1866 123 verre op dezelve heeft (zie No ): enwendig is zy ook zeer goed bebouwd. Byzon

185 2304 1881 130 der merkwaardig is het hier ter plaatse gevestigde kunst & Indictrie Kar
