2083 2540
208 80 1815 138 zich in een tournooyspel bevindt. Behalven, eene menigte aller kostbaarste

206 177 1826 105 luimen ziet men een van Koning August II die 900 ducaten kekost heeft

209 239 1743 105 zy bestaat uit 900 vederen van een vogel die noodt dan boven zee vliegt,

1643 228 155 56 Schwalm

1823 227 82 61 en

207 286 1831 131 dier moeilyk te schieten is en slechts twee van die vederen op het hoofd heeft;

200 359 1781 112 ieder dezer veren kostte dus een ducaat. Na nog eenige allermoorda

205 411 1755 116 digste dolken met veren gezien te hebben zoonde men ons tot besluit

209 474 1803 125 ene menigte zadels en paardetuigen van verschillende tyden, de meeste

207 540 1786 123 k met edelgesteentens en paarlen bezet; op een der zadels is eene by

205 609 1793 124 utstek grote topaas als knop bevestigd; en eindelyk de garde robes

205 674 1821 116 an alle Keurvorsten waaronder al vreemde klederen wa & waar¬

200 749 1735 132 aan men de verschillende klederdragt goed kan onderkennen

195 813 1802 139 Intusschen zal het ook tyd worden dat ik n iets omtrend de kerken mede

196 911 1790 109 deel daar twee derzelver zoo byzonder benoemd zyn. De Roomsche Kerk

197 977 1771 113 naby de brug gelegen is een uitmuntend schoon gebouw dat met eenen

191 1030 1821 129 hogen hooren prijkt; in 1739 is deeze kerk begonnen en eerst in 1751 door

187 1102 1818 111 den toenmalige bouwmeester Gatano Chiaveri voltooid, de vloeris va

190 1165 1812 122 blaauw en wit marmer uit Carrara en het hoog altaar van Taksisch

193 1231 1710 116 marmor dit is verciend met een voortreflyk stek da koltemeer dan zoo, bo

1910 1245 124 100 rancs

191 1233 1831 205 van Christus voorstellende door den groten schilde mengs geschilderd

189 1365 1816 153 de negen capellen in de omvang dezer kerk zyn ook met eenige Goede

189 1432 1718 133 stukken van dien meester vercierd en men vindt er een orgel van

187 1494 1832 152 Silverman dat zeer veroemd moet zyn: daar er juist Godsdienstoeffe„

186 1563 1828 179 ning was zagen wy in de eenvoudige loges degansche komnelyke

316 1624 115 118 te wete

189 1638 1837 163 familje de Koning de Koningen, en Dochter Princes Augusta, in eene loge:

190 1717 1832 166 u een twede de 3 prinsen zoonen van 's Konings broeder Magimiliaan

186 1790 1796 172 in een derde Prins Anton broeder van den Koning met zyne vrouw

187 1868 1725 150 en zuster Mariaune, en eindelyk in een vierde loge Prinses

189 1938 1812 172 Cunegunda taute van den Koning: na het eindigen der mis bega

189 2011 1794 162 ven wy ons met meer vreemden op de Galery die over de straat

187 2095 1757 164 gaande het slot met de Roomsche kerk verbindt, hier zagen wij

188 2174 1771 167 nogmaals de gansche familje passeren. — De Kerk de Notre dame

186 2250 1721 156 op de Nene markt is mede een meesterstuk van bouwkunst: de

190 2331 1781 163 Stadsbouwmeester Georg Bäkr Vegon hiermede in 1726 en in 1734
