2083 2540
183 56 1807 149 nvolgens verdient hy 24 Grosschen of 36 stuiver wanneer hy één mes in

180 154 1756 125 schede mag hebben en eindelyk komt men, na een examen afge„

184 216 1797 113 te hebben, tot het now plus ultra van twee messen en 27 grossche

183 286 1770 119 gulden 4 duiten daags te verdienen: te van deeze gewoonte ver

193 348 1768 125 ik niets in den Harz ook geloof ik niet dat dezelve aldaar

187 413 1814 127 gebruik is. Na een weinig van de vermoeyenis uitgerust te hebben

190 481 1771 129 het huis van den bergman, die by de ingang der myn woont,

181 552 1814 138 re vry natte en morsige klederen uitgetrokken en onze namen

182 617 1806 135 het album geschreven te hebben, wandelden wy wel te moede

183 683 1810 142 aar Freyberg terug. Te Halsbruike een uur aan de andere zyde

179 756 1800 141 de stad is het benoemde Smelt en Amalgamirwerk waarop eene

176 835 1798 127 geheel Chemische wyze het zilver uit de ruwe erts getrokken & van

170 897 1803 147 ke overige metalen gescheiden wordt, volgens Reichard is dit

169 983 1808 134 het eenige dat is in Gansch Europa gevonden wordt: wy lieten

173 1059 1769 131 ns met het ryting derwaarts brengen de Hoogleezaar Werner

172 1125 1789 139 erhinderd zynde geworden om mede te gaan gaf ons een Heer

179 1205 1748 123 ede die gewis zeer knap in zyn vak zal zyn als zynde over

707 1279 227 69 lsInspector

175 1277 1819 121 dabinet van Werner gesteldt doch byna geen woord sprak &

172 1351 1835 128 eveel in ons veronderstelde zoodat ik niets van zyne gansche

172 1428 1763 139 drooge explicatie begreep. Bij het groote Gebouw zagen wy de

176 1498 1815 135 nenigvuldige en verschillende overs waarin het exts gesmolten,

180 1570 1788 131 de machines waarin het gestampt wordt, het wierd groten

167 1648 1823 138 als door een Gas machine verlicht waarvan de pypen door

167 1726 1790 138 dle vertrekken liepen en waar men zich zeer wel by bevond

177 1797 1851 142 voort aan het hoofdgebouw heeft Keurvorst thans Koning August

179 1873 1796 133 1787 een ander gebouw, tot bewaring van water in geval van

167 1949 1855 133 rand, gesticht, het is eerst in 1791 voltooid en zeer zwaar gebouwd.

173 2024 1791 147 Op de berg in de nabiheid van het Amalgarirwerk zagen wi

163 2109 1826 133 eene Hove van eene ontzettende diepte die zich aan weerszyden

168 2194 1694 125 uitbreide en na men zeide, onder de Mulda door liep

164 2278 1761 123 dezelve was ontstaan door het instorten eener myn waarby

164 2351 1766 141 verscheiden menschen het leven verloren hadden, hier is
