2083 2540
1959 44 62 59 10

172 66 1840 126 die alle in paketlen en kokers zyn die al het uiterlyke van een gebonden boek

164 141 1803 107 vertonende hetgeen in de be bliotheek een zeer goed effect doet Het grote werk

165 198 1832 117 van denon en andere prachtwerken over Egypten wierd ons hier getoond als

168 260 1845 116 mede de Geschiedenis van Engeland door Hume in 5 delen infol:o kostende 100

164 324 1838 124 Guinjes. Deeze bibliotheek is zeer ryk wy zagen er 3 kasten onder het ru„

166 384 1832 125 briek Cicero, 16 grote Kassen over de Fransche Geschiedenis, terwyl die van

171 454 1850 129 Muitsland, als zynde en zoo veel onderdelen gesplitst, nog euitgebreeder is.

171 515 1834 133 Onder de zeldsame boeken die wy hier zagen diend voorzeker in de eerste

167 578 1810 129 plaats genoemd te worden het psalterium te ments in 1437 gedrukt

166 635 1871 141 dit loch is het oudste bekende voortbrengsel der boekdrukkunst met

165 715 1872 136 een jaar tal voorzien: van hetzelve zyn, voor zoo ver men weet, niet meer

161 788 1878 131 dan 5 Exemplaren behalven dit aanwezig, als één in de keizerlyke boekery

163 857 1864 139 te weenen, éér in die van de koning van Engeland, in die van Mylord Spentel

162 930 1864 139 mede in dat ryk, in die van den Graaf Mai-Carthij en in de voormalige

163 1003 1832 161 kenworstelyke bibliotheek te Mentz: welk laatste echter by de aan„

157 1071 1865 154 nadering der Franschen van daar vervoerd zynde zedert uit het oog

157 1145 1772 153 verloren is. Eene Homerus te Florente en 1488 gedrukt moet ook ten

160 1210 1839 146 uitersten zeldsaan zyn: onder de maanscriten muntte naar myn in„

157 1276 1810 142 zien een Coran uit, men zoonde ons ook nog een Mesuaansch boek dat tot

154 1346 1866 145 nu toe niemand zelfs geen Mesicaner had kunnen onteyferen, bestaande

140 1414 1883 143 meest int hieroglypken. — Het Iapansch paleis verlaten hebbende lieten

144 1493 1872 143 wy onze beschouwing der antiquen ommidlyk volgen door dat die van

154 1566 1858 156 de afgedels in geps door den Groten Schilder mengs in zyn leven ver

158 1644 1842 139 zameld en deeze collectie is waarlyk wel de moeite waardig om

157 1728 1854 121 gezien te worden; met groote moeite en kosten heeft deze van de voor=

159 1798 1839 136 naamste stukken of der oudheid afdruksels en daarna copieen in

164 1870 1758 142 gips weten te krygen, zoo vindt men hier eenige stukken van de

155 1942 1868 142 Trajaansche colom, waarvan men nog nooit afdruksels had mogen ne„

155 2021 1849 141 men doch welke Mengs, die zoen in persoon in Rome was, met grote kos¬

162 2097 1802 141 ten en omkoperyen zich had weten te verschaffen. Alles is in eene

155 2167 1841 145 groote lange zaal als in een zoort van galerij ten toon gesteldt: bij

162 2245 1819 156 de ingang vindt men een Twrater en eene Thracische vrouw die zeer

0 936 76 84 het

0 1006 108 84 1817

0 1071 89 105 he
