2083 2540
1604 45 70 46 in

1902 32 99 71 28

155 46 1828 152 den Leeuwenburg een in den ouden Smaak gebouwd rdderkasteel, het=

150 135 1841 127 welk van wanneer men van Cassel komt, een weinig ter linkerzyde afligt.

150 215 1857 111 De Keurvorst gaf er voor eenige jaren zelf het plan toe doch het heeft door

145 278 1848 106 de graauwe kleur der steenen een zoodanig voorkomen van oudheid, dat

145 339 1857 106 men zweren zoude dat het reeds eenige eeuwen gestaan had, zoo uit als

146 396 1866 115 inwendig doet alles den verbarende vreemdeling wanen dat hy op een

145 466 1854 108 in de 13de: Een, waarna alles berekend is, verplaatst is: aan de eene zyde van

146 521 1844 124 het gebouw vind men een in den styven onderwetschen smaak aangelegde

149 591 1821 118 bragtein, terwyl de andere zyde in een tournooy veld vertoont de burg

147 654 1839 110 zelve, waarvan de muren uit graauwe donkere, hier en daar niet mos

362 731 112 49 stenen zin

151 712 1822 125 begroeide en op sommige plaatsen half ingevallen zyn; heeft uitwendig

149 772 1860 136 twee torens waarvan de eene vry gaafschynt doch de andere reeds half

150 829 1855 143 begon in te zinken en waarvan de puinen hier en daar over den grond

140 899 1849 134 verstroord lagen, is zy is onringt door eenen geheel verwaarloosde en

145 971 1857 138 bijna digt gegroeide gragt waarover een zwaare ophaalbrug geleid die

143 1035 1851 139 cammelend onder onze treden klonk toen wy over dezelve gingen om aan

145 1097 1838 133 de zwaare geslotene poort, waarvoor 2 schildwagten met pc hellebaarden

144 1170 1855 145 gewapend de wagt hadden, den Burggraaf aftewagten. Het uiterlyke van

146 1237 1871 138 das man komt ook zeer goed overeen met den post dien hy hier bekleed zynde

147 1305 1858 142 een klein, oud, styf en deftig man; door deszelfs toedoen zagen wy den Burg ge„

144 1382 1881 123 heel van binnen. Door de poort gekomen bevindt men zich op eene vierkante

146 1446 1875 132 opene plaats aan de eene zyde is de Kapel, stal, warenkamer en de wo„

144 1518 1880 129 ning van den opziener terwyl het eigenlyke gebouw de beide andere

140 1586 1833 131 zyden beslaat. Na de paardestal ge voorbij te zijn gegaan vragt men

141 1662 1855 131 ons in de wapen kamer gevuld met harnassen, lanten, zwaarden liz in

146 1729 1857 150 het midden van dezelve vindt men een meer dan levensgroot paard

147 1804 1828 138 waarop een van het hoofd tot de voeten geharnast ridder, als

149 1880 1827 133 zoude hy zoo ten stryde uittrekken. De kapel hier naast is niet

141 1962 1759 140 minder geschikt om de beelden van het voorledene voor de

160 2037 1777 129 geestterug te brengen de uuwe Gottische Smaak waarin alles

159 2112 1798 132 vervaardigt is, eene graftombe waarop een uit steen gehouwen

145 2179 1851 122 geharnast ridder lagt en meer andere dingen; hier heeft de thans

156 2252 1843 146 regeerende Kieuworst begeerd begraven te worden: zonderling vond
