2083 2540
1026 33 989 141 Dusseldorp den 23 Augustus 1816. 176.

601 189 506 199 waardste vriend!

178 330 1822 182 reeds te Dusseldorp, hoor ik is zeggen, ja myn Vriend reeds te Dusseldorp.

180 424 1824 164 het rassche schreden beginnen wy nu het Vaderland te naderen en niet

173 484 1824 155 wee dagen, reeds overmorgen, hopen wy den vaderlandschen bodem te

176 549 1811 163 betreden naar welk oogenblik ik, schoon het reizen mij nog best bevalt,

181 618 1814 167 magtend verlang te meer daar al het schoone van den Ryn over is en de

178 726 747 120 vaart zelfs eenhonig wordt.

178 716 1829 204 in het slot van myne vorige uit Nieuwied meldde ik in dat wy ons vertrek

180 835 1819 145 van daar een paar uaen hadden zouden uitstellen ten einde de verzame

175 896 1827 145 ing van oudheden op het slot te zien dan even voor acht aren by den opzigter

170 963 1827 157 darende of het hem Gelegen zou komen kregen wy tot antwoord dat hy zyn

171 1030 1802 165 test zou doen om tegen Elf uur optekomen en het ons dan te laten zien:

169 1092 1859 163 met geene mogelykheid nog drie uur daarna kunnende wagten deden wy

169 1156 1819 171 nog eene lieve wandeling in de tuinen van het slot die aan den Ryn

166 1225 1824 182 gelegen zyn en besloten toen te vertrekken. — stel was half negen toen

163 1295 1844 160 wy Neuwred verliezen de onder faven van een dunne stofreger, Ehrlich,

161 1379 1829 164 Tenfelstrans en Fahr op de regter oever voorby gevaren zynde kwamen

167 1445 1843 192 wij om 9 uur in het oude stadje Anderrach aan (zu No) Hierlieten wy ons

168 1523 1857 181 aan wal zetten om de ruines van het Kasteel van Drusno, dat hier gevon=

169 1594 1868 183 den wordt, te zien, de stad ziet er aaklig en morzig uit; in deszelfs omstreke„

169 1681 1766 156 vindt men veele purmsteer beddingen wordende de Tufsteen van

170 1737 1875 164 hier naar Holland en elders verzonden. Toen wy de stad rondgewandelt

172 1811 1827 172 hebbende door eene oude poort ons weder naar de boot wilden

168 1883 1788 184 begeven, wierden wy door een en Pruissische militair gewerkt om

162 1941 1840 197 zeer digt langs de luiker muur te gaan, wy wisten volstrekt niet

167 2037 1812 153 wat dit bedende, dan kort daarop een schot horende, begrepen wy

169 2107 1804 161 dat men mogelyk agter de poort naar het wit school en een ver=

162 2170 1860 165 dwaalde Kogel wel door de poort kon snorren, op zulke grappen in

172 2253 1874 148 't minst niet gesteldt namen wy zyne raad wel in acht, stonden nog

172 2324 1786 159 een oogenblik naar het schieten te kyken en oordeelden dat deeze
