2057 2492
79 45 96 84 XI

152 38 1796 189 ving van de stad. — Afgebrand Tinghuis. — De domkerk. voortref:

91 165 1857 118 lyklogement in de stad London. — De van Gottingen gezondene valiezen

84 244 1823 109 nog niet aangekomen. — Aankomst der twee reisgenoten die niet door

85 314 1153 125 maar om het Htartz gebergte gereist zyn.

1419 304 516 108 . - - - - - - - - Bladz 52.

653 419 331 155 Brief VIII

390 470 864 177 Uit Berlen van den 19 July 1816.

92 566 1834 195 Inleeding. — vertrek uit Maagdenburg. — voorval aan het laatste wa

83 702 1820 120 huis der buitenwerken. — Gestadige regen. — By Bierits breekt de as

77 775 1842 118 der wagen. —. Oponthoud en dat dorp. — verhindering om tot Zigacas te

84 848 1838 106 komen. — Karwetses en Pilsbuks. — Niebuhs. — Eenzame weg door

88 912 1844 116 het wond. —. Thesen. — Slegt nachtverblyf aldaar. — Onnodige voor

84 984 576 120 zorg van te waken.

693 978 1193 120 vertrek van daar. Ontbit te Siegeran

82 1057 516 114 Fiesel en Reisig.

638 1042 1273 134 Reizigero worden op het onverwagts in 't Hol¬

89 1115 1823 125 landsch aangesproken.— Zwaar beladene wagens. Aankomet

91 1189 1566 137 te Brandenburg. — Uitmaakende Chansse tot Polsdam.

1704 1186 210 97 Geserit

91 1252 1874 132 Grossen Kreutz en Gellon.  Grote drukte op de weg. Overstro:w

96 1318 1795 130 ming van de Havel. — In donkeren te Polsdan gearriveerd.

97 1388 1852 147 Beschryving der Stad. — Eerste Klokkenspel. — GarnizoensKerk

199 1460 1746 135 Grafkelder van Frederik de Groote. — Lykdienst voor de over

102 1530 1823 144 ledene Koningin van Pruissen. — Beschryving van het Koning

102 1599 1824 135 lyke slot. — Apartementen van de groote Trits. — Apartemen„

123 1670 1859 148 ten van den tegenswoordigen Koning„ — Jans-Touw. — Romen

104 1743 1951 136 sche Uuine. — Molen waarvan de bekende ancedote. — Beschrybetre

104 1822 1951 125 ving van het paleis te Jans- Touc. Alles is er op de oude voet Ama

99 1890 1927 125 geboleven. — Kamer van Voltaire. — Wandeling langs het JapansenG

104 1963 1846 140 palers naar het Neue Palais. Wanneer en waarom dit paleis

106 2035 1878 128 gebouwd is. — verwoestingen door de Fransche militairen aan de

1914 2119 125 109 sos

114 2103 1819 120 Deergaarde en het bosch aangerigt. — vertrek van Polodam.

105 2170 1749 156 Goede Chanssé naar Zehlendorf en Steedlitz. — Schoneberg.

1952 58 103 84 Aan

1931 106 116 118 Kig
