2089 2492
1941 88 67 69 v

152 56 1835 191 waarschuwing van den Kastelein. -- Geds: Mayer. -- woeglangs den Reh,,

145 172 1897 139 berger Graven. -- waterleiding tot het exploiteren der mijnen dienstig Retter

139 237 1871 137 ger klippen. -- Gedienstigheid van onzen gids.-- Hane Tree en Konings

132 314 1893 131 berg. -- Sterke richo. Oderteich. Zonderlinge waterval. -- slegte weg

141 381 1888 119 tot Oderbruike. -- Verdere wandeling naar den Blokeberg. -- Te leur stel

147 444 1879 121 ling. -- Moeylyke beklemming der Grote en Kleine Broeken. -- By mis,,

147 505 1830 133 tig weder is dit soms zeer gevaarlyk. -- Aankomet in de herberg

141 579 1286 134 op de Broeken. -- Beschryving van dezelve.

1402 596 608 113 wandeling over de

141 651 1277 135 Kruin van de berg. vertrek van Mayjer.

1452 665 558 116 Sober Touper. de

133 724 1860 126 zou gaat niet helder ouder:-- veele Albums. -- By zonnen opgang

125 793 1818 128 is de horizont weder beneveld. -- Ruin gezigt by helder weder.

116 849 1917 153 moeylykheid om den berg anders dan te voet te bestygen. - - - Blad: 410

739 980 354 163 Brief VII

349 1021 1201 201 Uit: Maagdenburg van den 16 July 1816.

148 1161 1880 157 vertrek van de Brocken.-- wandeling naar Schierke. -- Ruineo van

146 1265 1868 123 de vorige herberg op de Heinrichshohe. Yzersmederyen te schier=

132 1332 1786 130 ke. -- Aankomst te Elbingerode: wandeling naar Rubeland.

124 1398 1902 141 Biel en Baumanshohle. -- Beschrijving van de laatste. vertrek

132 1469 1870 125 met een ryling iit Rubeland.. Marmor groeven. -- Het einde van

134 1534 1839 142 den staatz. nadert. --. Slegteweg by stuktenrode. -- Aankomst te

136 1609 1834 140 Blankenburg. Vertrek naar Halberstad. Gezigt op de Rosstrap

137 1683 1876 119 en Dansplaats. -- Groote vlakte voor Salberstad. -- Aankomst aldaar

160 1758 1851 118 Beschryving van den dom. -- Goedkoop ryting tot Maagdenburg aan

127 1808 1874 123 genomen. Voerman Bese en Schoolmeester Besius.-- vertrek uit

128 1887 1867 115 Halberstad-Goede chansse tot Groningen. --. Martini Kerk aldaar

131 1952 1850 113 Beschryving van dezelve. -- By stadmersleben de eerste windmolens

134 2021 1856 116 sedert ons Vaderland. -- Sterberg Seidlits: -- Scto over de akherbouw

133 2088 1840 117 aldaar Gross en Klein Otters leven. -- Aankomst te Maagdenburg

165 2157 1813 114 Dofgeluid door het zyden over mynen veroorzaakt. Gekeken,,
