2083 2540
409 1 333 104 personen

1885 37 83 83 22

140 52 1780 142 scheiden ingerigt; dat is, de vakken zyn om het ligt wedervinden zoo

146 162 1806 106 veel mogelyk gesplitst en dan weder in ieder vak de onderscheiden

155 219 1795 106 formaten, die telkens met een nieuw Numero, dat erlos ingelegd word,

154 277 1814 121 beginnen. Wat betreft de verzameling van schilderijen en het paleis Belle=

155 342 1788 130 vre deeze is waarlyk uitmuntend, wy zagen er schoone stukken van

162 401 1830 128 Rubbens, Rembaand, van Dyk, Teniers, Holzbein, Frans Mieris, Kamphui„

165 467 1786 131 zen, van Titiaan, Wouerman, Jan Steen, Ostade enz van de Italiaansche

167 530 1818 130 meesters Bellegaini, morielli, Alex Veronese, Angelo Caracas en andere toon„

166 592 1815 138 de men ons ook schoone stukken: van Raphael was er slegts een stuk

170 661 1824 129 als welks echtheid men rede. heeft te twyfelen, een groot stuk van Potter

170 733 1772 132 waarop een stier voldeel my zeer als mede een klein strand gezicht van

174 796 1797 131 scheveningen door A van der Velde geschilderd, hierop was een postillon

168 868 1820 147 die hoe men zich ook plaatste, steeds naar eene andere kant scheen te ry=

168 945 1845 134 den: het is jammer dat deeze schoone verzameling niet beter geplaatst

166 1009 1787 140 is; te voren was zulks beter, toen viel het licht van boven en in, doch

174 1073 1819 146 toen Hieronymus zag dat zyn Geliefde broeder de meeste en beste

175 1141 1761 153 stukken na Parys meede nam, besloot hy deeze gallery, die zeer

176 1211 1794 167 hoog was, in 2 verdiepingen te verdelen van boven digt & op zyde

163 1285 1843 162 vengsters te maken zoodat weldra uit de ruiines van de schilder gal„

160 1357 1786 151 lerij eene pragtige danszaal verrees: na de terugkomst van den

170 1418 1824 146 Keurvorst is het 200. gebleven & alle schilderyen zyn maar zoo wat

179 1507 1776 147 heer gehangen doch het is te wenschen dat hier in weder voorzien

178 1577 1776 142 worde: De opzichter verhaalde ons nog eene byzonderheid nopens

176 1644 1788 145 eene Cleopatra die eenige tijd te Parys Gelogeerd had: de Fransche„

175 1715 1799 138 te weten hadden er eene Arcadne van willen maken & daarom de

166 1781 1825 162 slang, die de vergiftige beel toebragt, een kleurtje overgedaan; na de

172 1849 1842 155 terugkomst der stukken was Cleopatra weder boven gekomen & door

156 1919 1812 151 de adder of slang door de eerste schilder van Cassel weder by ge„

164 1996 1844 146 maakt. Dit paleis Belle vrie is oonspronglyk voor de Koningen be¬

167 2061 1826 161 stemd en gemeubeleerd geweest doch zy heeft er nimmer gebruik van

173 2131 1829 162 gemaakt en by haar Kortstoudig verblyf alhier in ons logement de

188 2203 1823 146 Keurvorst gelogeerd; de meubels, voor zoo verre die hier nog waren

189 2273 1817 174 (want Jerome heeft byna alles medegenomen) waren ryk en kostbaar
