2083 2540
400 1 357 87 personer

709 156 318 185 Amile.

1031 69 650 133 Cassel den 7 July 1816.

1889 69 104 68 16

185 295 1816 155 Iuist zoo als ik gedagt had, dat wy niet in eene halve dag

186 397 1834 113 van Paderborn herwaarts zouden rijden, is het ook uitgevallen, wy

187 460 1812 137 in dien nagt fraaij en wel te Warburg gebleven en niet voor de vol=

183 516 1806 139 ende avond 5 uuren alhier gearriveerd, doch vergelaats in weder

180 580 1845 133 aar Paderborn en ik zal u 200 kort mogelyk onze verdere reis me

174 644 1841 169 te deelen om zoo veel te langer Cassel met in op het papier te kin

175 759 482 97 en zoudwandelen.

170 754 1795 203 vy leden dan Donderdag lb zynde den 4 om 1 uur met Extra post uit

168 881 1837 118 Vaderborn en wierden al aanstonds getroffen door het schoone ge

169 947 1809 139 icht even buiten de stad wanneer men den Hopenberg beklommen

172 1009 1822 151 eeft en voor het laatst zyne blikken naar het zoo hierlyk geleegene

171 1069 1843 160 aderborn wendt; to ik zeg voor het laatst, want hier is het terrein reeds

169 1137 1814 148 eer vergagtig, en successivelyk komt men over 7 bergen heen de eene

169 1209 1846 152 gter den andere Gelegen: geheel in de diepte zagen wy in eene behoor

174 1272 1849 163 re legging aan de regter zyde het dorpje Dornhagen & aan een wet

175 1334 1812 169 ig verder aan de linker zyde het boven alle beschryving schoone

167 1399 1835 167 rondsteinheim hetwelk als tusschen hemelhooge eiken als verschol

160 1470 1815 163 en slags voor den dag komt: langen tijd stonden wy met het ryting

158 1548 1806 152 hier stil doch konden ons niet met dit schoone gezicht, waarvan

158 1613 1847 172 eene beschryving te geeven ommogelyk is, verzadigen. Zeer steil dalende

154 1687 1858 159 eden wij om 3½ uur het in eene diepe vallei liggende stadje Lich

152 1767 1839 162 lenan binnen hetwelk, wat de monsigheid betreft, volkomen waar¬

153 1839 1816 161 dig met Neuhans en Paderboan een trio te formeren, waarvan

149 1910 1858 148 het misschien dan nog de kroon zou spannen. Het was de eerste

147 1986 1803 152 tation zedert en reeds hier ondervonden wy zulke tegenspoeder

149 2059 1852 140 dat het ommogelyk was Cassel te bereiken: verbeeld in de ongemaklijk

153 2130 1853 133 „brutale postmeester hield ons hier meer dan vyf vierendeel uu

157 2215 1802 145 p eerst door ons met geweld zes paarden te willen opdringe
