2057 2492
78 95 89 78 W

143 38 1761 188 verscheiden collegis van den Hoogleezaar Blumenbar C. = zonderlin

83 147 1855 130 ge uitdrukkingen en gewoonten van dien man. -- Een onzer hoort

79 227 1936 131 van Z HoogGelaes: woordelyk hetzelfde collegie als voor 7 Iaar.-- Sche, ge

74 281 1837 135 del cabrnel van Blumenbash. -- Overig Kabinet niet kunnen zien.

75 360 1863 133 Redenen daarvan. -- Observatorium. En Windringshaus. -- Chi,,

83 431 1968 117 rurgesch hospitaal. -- Minscum. -- Iets over de Studenten. -- Dueling

86 506 1923 118 leezen aan de ordre van den dag. Oude Mademie kennis aangezig

80 568 1862 129 troffen. -- Afscheid en vertrek van den Heer de Geer. -- Staaltje van

78 648 588 121 Duitsche manieren

592 776 316 140 Brief VI

244 838 993 175 Op de Bloksberg den 15 July 1816.

60 956 1869 178 Ommogelykheid om medetedeelen al wat men sints Gottingen gezien

66 1086 1867 119 heeft. -- Vertrek van Gottingen. Moeylykheid om een ryking te beko,,

65 1155 1873 118 men. -- Ontbyf te Angelstein. -- Grosensttiedm -- Sudheim. -- Het stad

71 1221 1871 106 je Nordheim. -- Cattenburg -- Dorsten. -- Aankomst te Osterode. -- Scho

69 1277 1956 115 ne ligging van deeze stad. Te leur stelling om te voet naar Clans de

61 1346 1858 116 thal te gaan. vertrek met Extra Post van Osterode. -- Moeylyke, en

63 1410 1903 106 gedureg steil oploopende weg. -- Oogenblik van groot gevaar. -- Verras,B

69 1474 1860 114 send gezigt op Lerbach. Hier wonen eenige Albinos. Aankomst te

63 1540 1858 105 Claasthal. Exlaubnissschein tot het bezigtigen der mynen. -- wan

56 1600 1844 107 deling naar derzelver voornaamste ingang.-- stoe de minen van het

60 1664 1848 110 overtollige water worden bevryd. -- Nederdaling in de Carolmer groef

60 1726 1853 112 Beneden geene mynwerkers gevonden. Hoe het erds hier gekapt

61 1792 1837 104 en naar boven gevoerd wordt. door de voornaamdte de Stollen

62 1847 1838 123 naar de Dorotheer groef gegaan. -- Zaal aldaar voor den Hertog

64 1928 1852 119 van Jambridge gemaakt. -- Terugreis naa de oppervlakte der aa,,

52 1999 1933 121 de. -- Wandeling naar Clandthal. -- Goed souper in het voortreflyke loges

47 2069 1989 122 ment. -- verandering van temperatuur. --. Vertrek van flancthal. als

139 2142 1787 110 onwyze geds. -- Damskrug. -- Sluss. Eenige Ezels versloppen

41 2204 2014 135 den: Ganschen weg. --. Andreasberg noghager als Planstal. : Vriendlykde en
