2083 2540
889 17 960 136 Op de Bloksberg des morgens van den

1205 118 634 110 13 July 1816 om 4 Juur.

551 154 543 184 Waardste Vriend!

184 271 1827 156 U te melden wat wy deeze dagen op onze reis door den Harz gezien heb„

181 378 1848 114 ven, u hiervan een flaauwe allerflaauwste schels tegeven is volstrekt om

179 440 1848 118 mogelyk. Hoe zoude ik zoch schriftelyk kunnen vermelden wat wy eenige

180 499 1861 125 honderd voet diep in de mynen van flansthal, en wat wij boven op den Bloks„

183 561 1855 136 berg, 5 meer dan 3400 voet boven de oppervlakte van de Oostzee verheven

184 631 1822 124 gezien hebben; neen dat gaat niet aan, die hier van meer wil weten kome

184 693 1763 145 zelf hier deeze schoone natuurtoneelen in al haare pracht genieten;

185 756 1837 127 ik zal u dus maar een droog relaas mededelen van hetgeen ons ze

182 829 1203 125 dert ons vertrek uit Gottingen is wedervaren.

182 865 1832 155 zonder ontbeten te hebben, waartoe men ons te laat gewekt had, ver=

193 964 1794 116 liden wy den 13 lb de stad Gottingen zeer te vreden over ons verblyf

187 1024 1824 115 aldaar, met groote mocite hadden wy eene wagen tot Osterode ge

190 1081 1827 133 kregen wijl Prof=s Hausman dien dag met eene menigte stuctenten

189 1142 1845 134 eene botanische tour zoude doen, waartoe byna alle rytingen bespro-

193 1210 1822 124 ken waren: wy lieten den Prof=r Tydema: agter die de volgende dag

192 1271 1842 140 Bodel van Claasthal zoude afhalen om over Brunswyk haar Magde„

195 1337 1818 139 burg te gaan. Om 4 uur vertrokken zynde moeden wy, zonder iets te

184 1398 1852 144 gebruiken, tot Angelstein doorzyden, alwaar wy na Plessa gepasseerd

197 1469 1818 151 te zyn om 7. aankwamen en ons met een zeer sober ontbyt moesten

186 1536 1789 157 vergenoegen: vervolgens door de dorpjes Grosensthein en langs

187 1597 1829 159 Suidheim rydende bereikten wy het niet onaardig stadje Nordheim

197 1675 1852 164 alwaar wij stations geld moesten betalen; voor het overige ontmoette

197 1752 1819 165 ons niets byzonders; na de dorpen Cattenburg en Dorsten gepas=

195 1839 1859 160 seerd te zyn kwamen wy circa 12 uur te Osterode aan. Schilderagtig

191 1908 1858 153 is deeze bloeiende vergstad in eene vallei gelegen en alle bekoor

178 1992 1869 150 lykst is het gezicht dat men van den steilen, blinkend witten geps=

188 2061 1855 161 berg op dezelve heeft: de muzen der huizen zyn alle helderwit

189 2138 1840 150 en de daken met lei of zeer nette blaauwe plankjes bedekt: jam=

179 2215 1867 143 niermaar dat wy onder eene hevige regentui aankwamen het geen

186 2296 1766 151 ons verhiudende om te voet naar Clausthal te gaan, daar wij
