2083 2540
1113 69 914 148 Transfort den 16. Augustus 1816.

709 235 277 157 Amile

189 358 1857 205 schoon wy de vorige avond vry wat gelacten hadden om ouzen kod¬

183 473 1845 149 digen Kastelein uit het Anker, die te voren wachtmeester geweest zynde

183 533 1873 163 zich nog steeds van militairische uitdrukkingen bediende om zijne onder

183 594 1879 165 horigen iets te bevelen als van voorwaarts marsch, regts om keert enz, waren

182 653 1866 185 wy de volgende morgen toch verre van laahen en moesten hem daar

184 710 1871 175 en tegen beknouren daar hy ons niet op de afgesprokene tyd gewekt had

183 779 1878 160 en de voerman, die ons voor 30 Thaler naar Haaan zoude brengen, al

177 851 1873 145 voor ons bed verscheen zoen wy nog in diepen nuet waren. Door een lange

178 911 1892 164 reeks van Zegewenschen gevolgd die de hospes op ons intstortte vertrok„

183 978 1864 155 ken wy om 4 uur uit Eisenach: het slot warburg even buiten genoem=

181 1042 1887 158 de plaats op eene berg gelegen trok weldra onze aandagt tot zich het

187 1115 1885 142 is hier waar zuther zich een tyd lang heeft schul gehouden om de ve

180 1176 1834 152 volgingen tegen hem te ontgaan: van de op eens hogen bergs, die wij

181 1234 1871 160 kort daarop gedurig tegen de hoogte opsluigerde bereihten, hadden

182 1305 1867 142 wy een overheerlyk en ruim gezicht naar alle kanten; na de dorpen

183 1365 1871 153 Marktzug Berka en Kiezelbach gepasseerd te zyn reden wij te Vacha

185 1435 1878 148 zynde de tweede station over eene zeer lange brug die over drie a

186 1504 1865 131 men van een klein uiertje lag. Te Bocklar zynde de derde station

187 1561 1876 157 waarwy gaarne in het posthuis wat een wilden konden wij niets be

182 1630 1826 145 komen wyl men met een half uur den kroonprins der Nederlanden

180 1694 1874 144 met zyne Gemaleuire en gevolg aldaar verwagtte, een gedeelte was reeds

181 1760 1868 135 gekomen onder anderen 's Prinsen Adjudant de H=r duchelat die zeer

181 1819 1889 153 verlegen was daar hy de nodige ingredienten tot eene soupe russe niet

182 1897 1881 121 bekomen konde. Schoon anderhalf uur hier vertoevende hadden wy het ge=

182 1968 1882 124 noegen niet om het doorluchte graar te zien de princes, die in 't begin van

184 2034 1844 124 deleis wel 20 mylen op eene dag had afgelegd, was nu dikwijls na

193 2089 1856 142 4. mylen gereden te hebben reeds vermoeid waaraan men dat laat

188 2159 1882 131 komen toen ook toeschreep: de koets van den Adjudant met de wapens van

180 2219 1868 148 den Kroonprins verceerd, was al zeer gemaklyk en nooit heb ik op zulk

1898 2272 155 62 Kopkoffi

182 2289 1898 156 eene kleine plaats zooveele commoditeiten by een gezien. Na hier een kop
