2083 2540
156 46 1746 155 dterke bogt van de Elve bevonden wy ons op eens voor de grootte roks

150 119 1788 140 Lilienstein waarop Frederik de Groote en na hem Napoleon met on

154 179 1821 143 noemlyke kosten. geschut heeft opgebragt ten einde het aan de overzyde

155 242 1707 137 gelegene Koningstein te beschieten, hierby heeft Napoleon het gelaten

1736 287 187 65 zyne batterye

162 312 1758 127 derwyl Frederik Schoon vrugteloos werkelijk op Koningstein heeft

193 395 175 63 latsen spele

167 371 1792 141 schoten. Te koningstein, welke stad aan de voet van de veeting gelegen

160 445 1741 132 verlieten ons onze Leipsiger reisgenoten Ontzagverwekkend is

151 504 1859 137 het gezicht dat men van de Elve op deeze volstrekt onverwinbare

142 576 1860 159 vesting heeft en lange tyd na dezelve voorbeggeroeid te zyn staart

140 656 1810 162 het oog nog met genoegen op deeze grootsche partyj. Na de Basten,

141 747 1818 128 waarop wy de vorige dag geweest waren, en die zich thans naam

142 818 1799 116 wegens de hoogte naauw merkbaar voordoet, voor by gedraven te

135 882 1795 132 zijn, bereikten wy by na het stadje Wehlen, toen de wind op eens

139 956 1766 137 zoo hevig begon op te steken en het water zoo hol stond, dat

136 1031 1762 123 onze schippers ons raadden aan wal te gaan, wi lieten ons

134 1110 1782 116 dit geen tweemaal zeggen maar besloten verder tot Pirna te

138 1181 1786 119 wandelen en onze vool maar te rug te zenden. Hier worden de

140 1257 1822 116 uitzigten veel numer in de rotzen, die eerst de Elve aan weerszy=

139 1322 1780 130 den als geheel insloten, wyken hoe langs zoo meer terug. Na

134 1398 1784 117 twee uren Gewandelt te hebben kwamen wij te Pirna aan waar

140 1477 1785 119 achter zich de vesting Sonnestein verheft (zie N:o) het is in de

138 1549 1751 118 buurt van deeze stad waar de groote Frederik de gansche

140 1625 1845 132 saksische armee van 18 of 20, 000 man sterk, die in eene gedugt

146 1700 1799 133 te kamp volkomen zeker meender te zyn, insloot en krygs¬

146 1769 1773 140 gevangen maakten. Na hier goedgegeten te hebben reden wij

143 1849 1715 127 met onzen voerman, die wij hier wedervonden en van zynen

138 1921 1770 124 ouder vader, die hem herwaarts vergezeld had, afscheid nam,

129 1994 1852 133 om 4¼ af: wy wilden graag van Pirna op Freyberg zyden zonder

138 2073 1760 135 Dresden aan te doen doch zulks kon niet om de slegte weg: wy

145 2151 1776 135 reden dus langs de Elve naar laatstgenoemde stad doch niet

145 2230 1782 120 door dezelve daar zulks ons met het viseren der passen te

146 2308 1776 133 lang zoude ophouden: met eene kleine fooy te geven passeerden
