2083 2540
1925 65 87 58 43

223 68 1769 154 die wegens naar het naburig Zellerfeld was gewandelt) ondergeleide

220 164 1793 120 van een gids naar de voornaamste ingang der mynen ongeveer ½ uu

214 229 1811 106 van de stad gelegen: de weg derwaarts viel ons zeer kort en ras waren

214 284 1827 111 wy aan het gebouw genaderd en in de zaal gekomen alwaar de mynwe

209 348 1775 114 kers, eer zy in de myn gaan, hun Gebed doen: hier wierden wi verzogt.

211 405 1805 104 ons van onze boven kleederen te ontdoen welke alle met de goederen

210 467 1778 107 die wy in de zak hadden zorgvuldig wierden bervaard & hier gaf

217 530 1799 99 men ons elk een bergmans pak, in welk zonderling costuum de een

210 592 1837 120 den ander byna niet kende zoo dat wy eerst een kwarteer lang nodig

208 655 1764 107 hadden om van laaten te bedaren: verbeeld en uw vriend gekleed

204 718 1833 111 in een wyde zwarte broek met knoopen aan weerszyde van ouderen

209 788 1821 117 tot boven, een buis of keel van dezelve stof insgelyks ryk met knopen

199 859 1834 112 bezet en tot de hals digt gemaakt, dit alles vrij wat met opgedroog=

199 923 1814 119 de klei en aarde vesmeert daar deeze kleederen niet ieder zis ge=

201 990 1821 126 wasschen worden; daarby een zwart of groen vilten kapje op het hoofd

213 1060 1789 123 zonder rand, en gy zult en mij in mijn bergmans pak zamelyk goed

222 1121 1756 133 kunnen voorstellen. Wy bekwamen hier elk een geleider waarmede

220 1183 1776 149 wy uit het huis naar de ingang der Carolines groefgingen, hier

215 1259 1816 137 Zagen wy eerst de hoe de armen der pompen, die de mynen van het

214 1322 1818 141 overtollige water verlossen, & hetzelve tot de waterleidingen of stollen

213 1395 1799 131 opvoeren, en beweging gebragt worden. Wanneer de mond van de

217 1463 1829 134 groef zoodanig gesteldt is dat er eene genoegzame hoeveetheid

213 1533 1748 127 water van den berg af bylangs dezelve afloopt kan men zer

201 1598 1835 135 stond aldaar door een Keerrad de pompen in beweging brengen,

197 1683 1832 119 wanneer echter er op die plaats geen water is, uithoofde van de

202 1744 1826 139 hooge ligging van den mond der mynen, dan plaatst men oplage

200 1821 1830 135 te plaatsen dikwyls honderden roeden van daar zyne waterraden,

197 1893 1801 137 welke tegen der berg oploopende jukken of trekbalaasen, die

206 1963 1829 121 in het midden op, in zekere afstanden van elkander geplaatste, sjul

201 2039 1813 126 len bewegen, zoo dat de boven en onderstylen gedurig bewegen heen &

203 2108 1844 118 wedergevoerd worden, die dan wederom aan den mond van den myn

204 2177 1822 118 met een rad verbonden zyn, die de pompen en beweging brengt: op

211 2241 1806 125 dusdanige wijze was het aldaar ingerigt. De armen, waaraan

218 2313 1832 135 deeze pompen verbonden zyn, dalen nu tot op de bodem van den groef
