2083 2540
171 44 1845 188 de uitmuntende bibliotheek vind men en Gottingen een observatorium

167 182 1871 120 op eene dertooren van de vest, waarvoor een uitmuntende instrumenten

166 243 1850 134 voorhanden zynde onder anderen een groote muur quadrant, een teles„

162 300 1846 122 coop van 10 en een van 28 voeten enz daar dit gebouw echter vervalt

154 364 1848 131 is men bezig, buiten de stad een observatorum te bouwen hetwelk

175 421 1856 135 100, 000 thaler moet kosten. Digt by het observatorium vind men het

169 492 1781 135 Gebouw waarin de Vroedkunde onderwezen wordt, anders het

183 539 1858 158 Enwindrings-Haus genaamd, hetwelk onder het bestuur van Prof=

180 613 1786 138 Osiander is wiens zoon, by afwezenheid van den vader, ons het

182 681 1849 158 gansche gebouw heeft laten zien: zynde zulks echter van meerder

182 749 1829 151 belang voor onzen reisgenoot de la Faille, met meerder belang¬

173 817 1814 151 stelling gingen wy gezamentlyk naar het Muscum hetwelk

170 892 1846 146 ons, uitgenomen de verzameling van mineralen die onder opzigt

173 961 1857 141 van Profs. Hansman tot eene hooge trap van volkomenheid gebragt

181 1024 1855 139 is, zeer is uit de hand gevallen, schoon de aanwezige vogels alle

176 1093 1836 134 in eene zeer losse & ongedwongene houding waren opgezet, men vond

169 1157 1877 146 er ook eene leeuwin en een krokodel van 13 voeten lang. In de kamer

170 1221 1831 152 metzariteiten waren veele wapenen, kledingstukken enz van de

172 1288 1848 157 inwoners der Zuidzee & Sandwich's eilanden: boven was een partij

172 1359 1768 149 schilderyen waaronder, naar myn inzien, weinig goede

172 1432 1806 138 Nu nog eenwoordig over de studenten: hebt gy ooit plan om naar

174 1504 1833 149 Gottingen te gaan steederen dan moet gy om niet singulier te

173 1562 1870 139 wezen u op de volgende wyze kleeden. Het haar van voren kort

185 1624 1857 146 afgesneden zoo dat het voorhooft geheel bloot komt van agteren

179 1684 1810 158 egter zoo lang dat het in behoorlyke krullen tot overkraag &

181 1731 1879 178 schouders hangt gy moet vooral geen das maar de hals geheel

183 1810 1811 159 en de borst gedeeltelyk bloot dragen, een rok met veel kwaaten

176 1880 1822 150 strekken, lissen, liiten en wat dies meer zy, een & wyde broek van

179 1946 1866 166 ligte stof of indien dezelve donker is met zeer vogante kleuren

184 2026 1861 138 van rood, geel, groen enz op de naaden afgezet, en een paar groote

180 2103 1797 121 laaszen met vaste spooren, gy moet of in 't geheel geen hoed of

185 2169 1802 138 een groote platse pannekoek van ten muts op hebben, kortom ge

186 2238 1849 129 moeter op stadeeren op om u zoo ruw en ongegeneerd te kleeden

195 2304 1810 142 als maar immer mogelyk is: daardoor zult gy het minst
