2083 2540
375 1 331 69 personen

143 67 1834 153 Zynde uit eene adelyke familie der Ohr dur Kakebek, den anderen had opge

134 175 1836 100 loten om hem dus van honger te doen sterven, zynde echter op den derden

130 230 1847 143 dag gelukkig gered door eenen smit die het yzer wist om te vuigen; einde

133 294 1798 132 lyk een groote beker in de gedaante van een haar welke de nieuwe

135 352 1853 143 Burgemeester, by zyne de aanvaarding van zyn beroep, geheel moest

135 414 1806 159 ledigen, terwyl de afgaande met eene kleinere kwantiteit kon vol=

133 483 1853 140 staan door namelyk het holle van de hals der haan te ledigen: voorts

136 558 1828 130 nog andere dungen te veel om te noemen. Het slot weleer door de bisschoppen,

133 622 1813 152 thans door de Commandant der stad bewoond, het is wel der moeite

132 683 1833 168 waardig om te zien, wy zouden hier byna van verstoken zyn geweest

133 750 1847 157 wyl Prins August van Pruissen dien zelfden dag gekomen & hetzelve

126 815 1861 162 betrokken de Hlossverwalter althans sloeg ons verzoek glad af: hier

127 901 1830 150 echter niet meede te vrede gingen wy zonder ons aan iemand te

127 969 1809 136 storen en even als waren wij ergeroepen, de schildwagten voorby

128 1042 1850 149 het slot binnen, door het schoone vestibule, de heerlike trap op &

128 1112 1840 155 kwamen zoo geheel ongemerkt op de magnifique geheel vergul„

135 1195 1797 130 de & met grote spiegels vercierde zaal, hierdoor was reeds een

133 1247 1858 164 groot deel onzer wenschen vervuld, doch zoo ver zynde besloten wij

132 1327 1827 150 maar verder tegaan, openden de deur der naaste kamer & von

133 1388 1829 144 den hier weder een schoon vertrek waarin de levensgroote afbeeld

132 1459 1832 162 sels van 7 bisschoppen te weten Barentje van Galen, Furstenberg, Max:

127 1534 1825 159 Henrik, van Plettenberg, metternich, Clemens August en de voor laatste

133 1596 1863 170 zynde Maximiliaan Frederik: een levensgroote afbeelding van de gro

128 1673 1828 135 te Trits voldeet ons hier ook uitnemend. Nog eenige Kamers doorge

126 1747 1800 147 Snuffeld hebbende kwam de Slossverwalter by ons ons vragende of

127 1804 1825 153 wy den Prins wilden spreken, wy beduidden de goede zeel dat

127 1878 1868 159 zulks volstrekt niet in ons plan was waarop hy ons verzogt afte

125 1946 1862 173 treeden waaraan wy des te gewilliger gehoorzaamden daar wij

129 2020 1858 170 uitgenomen eenige vertrekken, door den Prins en zyn gevolg geoc

134 2092 1851 167 cupeerd, alles gezien hadden. Toen wy wederbeneden kwamen zagen

134 2160 1831 159 wy de talryke bezetting, die immiddels op het groote plein voor het

135 2234 1861 171 slot was te zamen gekomen, voor Prins August, den Generaal & een Thielman
