2083 2540
196 1 1853 171 zyn veele Inder Poolsche Toden en byzonder veel Russen ten welke 2

191 130 1836 115 geryve men hier veele opschriften in de stebreeuwsche & Russisctie

194 189 1866 111 talen vindt. De huizen zyn meestal hoog opgetrokken en worden niet wer

185 244 1871 114 nig onteeerd door vervaarlyk groote intstekken die men byna aan ieder

180 306 1878 110 huis vindt, zommige gebouwen zyn al vay zonderling, zoo zag ik dezen

178 363 1878 135 morgen in eene der voorsteden een huis dat slecht een raam breed was

187 429 1876 124 erloch negen boven elkander zelde het was tusschen twee andere gebor„

188 492 1865 123 wen als geheel beknepen: des avonds wordt de stad door zeer goede re„

181 558 1879 127 verberes verlight, de straten zyn zeer Eindelyk onder dezelve loopt een

180 629 1882 120 ruim en breed wool door waarin alle vuiligheid wordt geworpen die da

175 694 1874 134 dadelyk door lieden met Kruiwagens wordt weggenomen; hier en daar

179 759 1863 130 zyn roosters gelegd ten einde licht in het rool te laten zoo dat men

174 826 1872 142 deeze menschen menigmaal onder zich ziet lopen terwyl de ganatie

176 910 1875 125 straat hol en ondermynt schijnt te zyn. van de voor twintig jaren ge

176 967 1845 130 slegtte angels en willen heeft men uitmunzend party getrokken

181 1037 1873 128 hetwelk de inwoners vooral tusschen de Dresdener en de Nallischa

181 1105 1872 143 poort aangename wandelingen verschaft: een gedeelte der wal heeft

173 1185 1877 124 men zitten laten waarop men langs schadewrike paden opeingert

174 1250 1843 140 om van die hoogte schoone gezigten te genieten: beneden vindt nen

171 1319 1806 130 eene zeer lieve party met water waarin eene menigte watervogels

167 1378 1830 132 wier nette en met veel smaak gemaakte kooijen en neeten een goed

170 1455 1880 135 effed doen. Ook de Reichelsche luin verdient gezien te worden men vind

173 1527 1858 128 er die zeer echte badhuizen en uitmuntende wandelwegen agter

175 1597 1822 129 het gebouw strekt zich eene lange Colonnace uit waaronder eene

169 1669 1814 135 menigte kleine kamertjes en vertrekken uitkomen. — Dan het

167 1741 1859 136 zal ook tyd worden om deeze te sluiten te meer daarik in met een

169 1821 1869 136 paar dagen weder iit Dresden hoop te schryven geloof my intus„

181 1902 320 128 phen sleeds

1192 1906 660 162 Uw oprechten vriend
