2083 2540
190 55 1857 142 door een harlyk muziek het welk een zalayk corps muzikanten in die

192 129 1851 140 nderaardsche holen had aangeheven en 't geen uitmunrend voldaan he

192 190 1821 140 erstond nog een faureuil by die gelegenheid door de mynwerkers uit

188 239 1832 158 ents gemaakt en aan innerlyke waarde 400 thaler waard. Eindelyk

182 309 1805 152 eraakten wy weder aan het klimmen 't geen met vry wat meer

183 362 1830 157 noeite geschiede en niet zonder menige zweet droppel te late

183 427 1839 149 allen, gelukkig kwamen wy weder boven en wenschter elkander

186 492 1826 149 met de zoo wel volbragte togt geluk, wy waren de Dorstheer groef

185 569 1852 156 utgekomen en een kwartier verder de Caroliner ingegaan, wy za„

184 626 1871 169 gen de rigting waar in wy langs gekomen en wel onder eene breede

180 701 1859 162 vloed door vrolyk ondeden wy ons van onze Kleederen, bedankten

180 779 1800 145 en beloonden onze leidslieden voor hunne moeite en stapten wel

179 836 1837 172 gemoed voort om zoo spoedig mogelyk in Clansthal te zyn daar het

182 909 1857 170 reeds donker wierd: voornemens zynde om de volgende dag vroeg

193 981 1768 170 lydig te vertrekken houden wy de munt en zoogenaamde stukken,

185 1049 1862 160 waar het erts gesmolten en Gezuiverd wordt, niet zien ook wierd

187 1128 1837 170 aldaar uit hoofde der Zaturdag niet gearbeit: over deeze hutte

185 1209 1780 156 kund gy ook eene gansche brief in voornoemde reize lezen van

185 1278 1850 166 bl49 tot 63. In ons logement, alwaar wij over half tienen aankwamen,

179 1344 1876 169 vonden wy den houd in de pot zynde het souper byna geeindigd er waren

182 1413 1882 168 ongeveer 30 menschen aan de publicque tavel. Het logement was voo

186 1492 1876 166 treflyk, onder vond men een goede zaal dienende tot Coffyhuis waar

187 1570 1832 156 een billeart geplaatst was. De verandering van temperatuur was hier

194 1637 1861 188 aanmerkelyk ook is de stad volgens de waarnemingen van Villefosse

193 1721 1786 189 op de hoogte van 293 toises of 1758 Parysche voeten boven de

197 1789 1870 205 opperslakte der Oostzee gelegen: in byna elken kamer zelfs in het

192 1874 1866 176 armmoedigste huttje wierd een grootte Kachel gestookt hetgeen

189 1959 1827 188 men ons zeide dat geduaerde de gansche zomer plaats had, dit

203 2040 1747 158 kwam ons vreemd over doch was ons met dat al zeer welkom.

200 2117 1881 184 De volgende morgen verliezen wy om half zes uur flansthal vergeze

195 2234 1871 127 van een geds die ons naar Andreasberg zoude brengen doch die by wien

199 2293 1872 160 een van de vyf zinnen afwezeg was en die daaren boven de weg ook niet
