2083 2540
166 71 1735 139 zal belette dit schoone gezicht te genieten. In het stadje Oederan

164 156 1812 111 neerichte reeds in de vroegen morgen zeer veel drukte ook kwam mi

162 212 1841 120 hetzelve met onaardig voor verder liep de weg langs het zwiertje de

156 281 1850 140 Blehe, dat digt by het dorp van dien naam in het riviertje Zschoppan

157 344 1855 115 all, hetwelk gepasseerd zynde wi Overwiese en daarna, te weten

161 403 1852 124 om elf eur, Chemnits berechten. Hadden wy hier, schoon het nog vroeg was

161 470 1820 115 het voortreflyke logement maar wat gegeten, ware het a posteriore

152 526 1857 136 beehouwd beter geweest, daar wy niet voor Glanchan, waarwy om 6uur

147 585 1858 131 des avonds arriveerden, ichs konden bekomen hetwelk nog net briljeant

143 649 1879 131 was bestaande ons dener uit een boterham met wat bloed en leverword

138 718 1838 136 daar zy in de herberg geen vleesch opschotel hadden. Meermalen, ja

141 799 1872 124 ieder oogenblik mag ik wel zeggen, moesten wy, op aanraden van ouzen

139 859 1827 116 voerman, die er niet voor instond dat de wagen storkten zouden, uit

139 921 1861 123 dezelve gaan; verhaalde reizen trof ons het ongeluk dat ondanks

140 989 1861 120 al het klappen der zweep tusschen twee berge, ons wagens ontmoe

142 1055 1800 129 leden die die dan dikwyls de paarden of ossen agter het ryting

137 1123 1844 139 moesten spannen en zoo terug ziden tot dat men elkander pas¬

141 1188 1843 136 seren kon het geen niet weinig ophield; eens brak ons de hoepel van

142 1255 1830 143 het had hetgeen een smit echter nog al spoedig repareerde door

140 1323 1862 143 een stevige vengel om de gebrokene plaats te leggen; korton alles

131 1403 1874 144 liep dien dag te zamen om ons opte houden: over onzen voerman¬

137 1468 1830 136 die uitmuntend reed, hadden wij geene reden van klagte, doch

143 1542 1879 139 het was alleen zine kregelheid of liever stijfhoofdigheid of om geen

141 1622 1851 126 gids te willen hebben, die ons al dat leed berokkende en zoo geheel

142 1688 1811 132 van de regte weg deed; afdwalen. Behalven een reeks van Kleine

135 1759 1817 132 dorpen kwamen wi nog door het niet onaardig stadje Merana

139 1830 1826 120 en het groote dorp stockendorf, ook Crimnitechan, waar wij den

137 1902 1834 135 nagt doorbragten, beviet ons naar het uiterlyke te oordelen by uit=

139 1976 1831 125 stek wel en in het logement de zwarte veer waren wy al zeer goed

143 2043 1749 131 het geen ons op zulk een fatiquante dag regt van pas kwam.

146 2113 1849 138 Na uitmentend geslapen te hebben vertrokken wy den volgenden morgen

136 2206 1850 115 om half zes van Cainnetschan met de slegte troost van ouzen waard dat

136 2270 1828 133 wy nog een Geruime tyd, althans tot digt aan Ronneburg, dezelfde

138 2346 1872 131 slegte weg zouden hebben, daar door de aanhoudende tegens al het

0 2049 156 128 1:1816.
