2083 2540
192 97 1744 126 wist zoo dat wy daar lelyk mede opgescheept zouden geweest zyn

195 165 1821 117 zoo niet wy niet by geluk eene vrouw aangetroffen hadden die mede

190 232 1849 110 derwaarts te voet ging en de wegkundig was, onzen gekkeegids gebruik

189 289 1800 108 ten wytoen alleen als lastezel om het pak te dragen steeds door bos=

187 354 1828 116 schen gaande kwamen wi om 8 uur te Damskruge alwaar wij een oogen¬

188 410 1791 132 blik loefden en eenige jagers ontmoetten die van een party houden

186 482 1824 139 vergezeld in de bosschen gingen jagen die hier toch van harten, Rheëen

191 556 1832 124 en haren wemelen schoon wi er geen gezien hebben, ook vind men er

182 619 1825 136 soms wilde zwynen doch en een klein aanzal. Door de schoonste &

182 688 1824 139 rotste gezichten opgetogen wandelden wy verder en vertegen een

188 762 1842 137 hemelhooge berg waar wy dikwyle in de laaghangende wolken

183 837 1772 128 waren en dezelve onder ons zagen; langs de schoonste weg

180 900 1837 126 die men zich van voorstellen kwamen wij om half tien te Schluef

182 982 1770 116 zynde een herberg in een diep dat gelegen: wy hadden geen

180 1041 1850 142 menschelyk wezen ontmoet zoo dat wy er erg aan geweest zon„

183 1119 1810 121 den zyn indien wy met onzen geds alleen waren geweest Hier

185 1189 1758 132 melden wy ons weder een oogenblik op en bestegen toen weder

180 1253 1817 134 den berg alwaar wy op een smal pad een geruime tyd moeste

175 1330 1871 135 wagten wyl ons hier eene menigte izels tegenkwamen met lange

175 1405 1853 129 zakken over den rug die juist de breedte van de weg besloegen

175 1473 1876 142 zoodat wy niet passeren konden: hier ruischte een helder beekje

178 1548 1873 136 waarvan het yskoude water heerlyk smaakte: na nog ander

185 1623 1804 144 halfuur gewandelt te hebben kregen wy de stad Andreasberg

180 1696 1851 149 in het oog, dezelve is nog hoger als slaasthal en wel 1817 voet boven

182 1776 1832 139 de Oostzee verheven, weldra waren wy in dezelve & het schoone

188 1852 1854 154 logement binnen getreden. Alles beviel ons hier zeer wel vooral de

185 1928 1854 142 persoon van de Kastelein dat een zeer vriendlyk mensch was & ons

184 1994 1865 152 waarschuwde dat de voerman, om wien wy gezonden hadden, zich

189 2080 1844 155 vry wat liet afdingen zoodat wy ook van zyne eisch van 5 thaler

190 2151 1875 149 om ons naar Oderbrueke te brengen meer, dan de helft afdongen en hem

187 2231 1881 142 voor 2 thaler en gageerden: wy zouden gaaan ook dat trajat zevoet

189 2314 1889 153 gedaan hebben dan onze reisgenoot A. was dood af, schoon hy zich op
