2083 2540
183 82 1705 154 hiermede willen wy keulen dan maar voor gezien houden en zal ik u

180 156 1809 150 weinige woorden hier na Dusseldorp voeren, na alvorens gezegd te hebben

184 227 1783 145 ik eene allerbrillianste galanterie winkel van Engels bezogt heb, die

182 291 1800 143 lyk was en by Avanzo, die men ons te Berlyn en Dreeden reeds aanbe

181 349 1775 133 len had, eene schoone prente winkel gezien heb, waarin overheerlyke

185 398 1798 151 laten, doch waarik tot myn leedwezen geene kleine plaattjes van onze

185 459 1800 156 gelegde reis nog kleine Rhyn Gezichten vond wel van 12 guldens het stuk

183 523 1791 157 och dat was myne gading niet: eindelyk ho dat ik van hier een kisje

184 600 1763 145 n het alom vermaarde Ean de Cologne het medegenomen om eenste

172 663 1680 166 derzoeken of die, welke by ons verkogt wordt, ook vervalscht is.

1900 84 98 81 183.

181 746 1808 157 ot ons verderaatrk naar het Vaderland deden zich drie gelegenheden op

189 836 1771 136 of verder te land met een rijting te reizen, of verder met eene boot den

184 889 1773 152 yn aftezakken, of eindelyk naar eene gelegenheid om te zien om te water

177 958 1741 141 aar Nemwegen te vertrekken: wy inclineerden wel tot het eerste doch dit

175 1022 1777 144 rerd ons door een ieder uit hoofde der slegte wegen afgeraden, eene Goe„

190 1086 1774 141 verdekte boot kouden wy ook niet vinden zoodat wy aan den Ryn

174 1154 1765 149 ant wandelende vernamen naaer ook een schip naar Holland zou ver„

170 1214 1814 144 rekken wy vonden eenen Schipper Dork genaamd van Rhoeroort geboortig

168 1280 1783 165 toch zeer goed Hollandsch sprekende die met zyn schip met Tufsteen

166 1352 1801 160 gladen binnen weinige uren naar Arnhem zou zeilen: hy maakte ons

168 1424 1803 156 deleis zoo smakelyk, sprak zoo vreed van zyne Gemaklijke cajiit dat

170 1495 1791 145 het accoord spoedig getroffen was om ons voor 21 kroondaalder a 54

164 1558 1813 151 stuivers Hollandsch tot Arnhem of Emmerik mede tenemen. met dit schip

168 1622 1823 151 zyn wy heden middag om 1 uur van Keulen vertrokken en daar wy tegen

162 1690 1825 163 wind hadden, dus laveren moesten en het vaartuig zeer diep geladen

161 1769 1825 144 was, zyn wy eerst om 8½ uur hier in Dusseldorp gekomen alwaar wij

169 1828 1761 168 in het schoone logement het Hof von Zweybruiken den nagt denken

164 1894 1818 164 door te brengen: wij hebben hier zoo even goed gecoupeerd en alles begint on

168 1971 1747 159 te herinneren dat wy Holland naderen want wij hadden Goede haring en

167 2035 1832 168 het gantsche Touper wierdt in ééns opgezet, daar men anders in Ducho

168 2118 1496 169 land altijd by een en twee schotels opbrengt. En hiermede

181 2164 1626 182 P. S. Devaart van Keulen herwaarts niets byzonders behelzende daarwel

176 2265 1309 119 en de dorpen en stadjes op beide oevers van geen aanbelang zynde, heb ik

175 2326 1259 99 de drooge naamlyd van 14 dorpen, die wij op de regter, en van 13, die wi

209 2316 1796 170 de linker oever voor by zeelden, overgeslagen, om my de moeite van het schriven, & in die van het lezen,

185 2433 186 76 te besparen.
