2083 2540
178 78 1839 128 regt levendig te worden daar men soms 6 a 8 wagens agter elkanderen

166 157 1818 114 2 Galle van Berlin of Potsdan naar Brandenburg gaande de ge¬

163 213 1837 115 zichten wierden hier ook schoner vooral links over de rivier de Havel

158 279 1855 121 deeze was, waarschynlyk door de aanhoudende tegens, uit hare oc„

142 344 1889 127 vers getreden en had het naburige land geinnundeerd op zommige plaat„

150 415 1862 132 sen staken alleen de toppen der Korenairen uit het water; het gras, dat

151 488 1891 127 men bezig was aftemaayen, wierd dadelyk door andere naar hoogere

151 555 1870 139 plaatsen gebragt om te droogen. Het was reeds laat toen wy in Potedan

155 625 1865 132 aankwamen zoodat wy dien avond niets meer konden zien. men had ons

159 693 1854 145 het logement het witte paard gerecommandeerd dan hier zyn wy al

154 769 1856 146 zeer slegt en infaam morsig geweest vooral wat de bedden bethofd

156 862 1877 152 Eenig meerder drinkgeld aan onzen voerman belovende bleef hy te Polsdam

149 972 1863 131 tot zoo lang wy en alles behoorlyk zouden gezien hebben. al zeer vroeg

156 1037 1840 135 gingen wy des morgens uit en door de schoone Baandenburger Thos

162 1101 1884 122 de dtad in: (ons logement was even buiten genoemde poort) dadelyk beviet

162 1184 1865 102 ons dezelve uitmunrend daar de rechte, breede, aan beide zijden met

163 1244 1863 117 heerlyke gebouwen prykende, straten een schoon effect doen: de huizen, die

163 1303 1853 131 meest alle gelyk zyn, hebben voor het grootdte gedeelte platte wolve„

164 1371 1857 140 daken en zijn met een soort van pleester bedekt dat men by den eer=

152 1431 1895 141 sten opslag voor zerk zoude houden. Algemeen heeft men in Duitsland

161 1510 1851 137 dirke dubbelde lorens dan hier waren dezelve geheel op de Hol

155 1582 1877 141 landsche voet en, 't geen wy nog met gezien hadden, met klokkeepel

150 1660 1807 131 voorzien. De quarmzoenskerk is een prachtig gebouw, boven den

151 1728 1794 123 schoonen predikstoel vand men een ongel en onder dezelve de

158 1785 1827 151 grafkelder waar het stoflyk overblyfzel van Frederik de Groote

162 1860 1873 153 en van zyn vader in eene eenvoudige marmorzen en linnen kist

151 1945 1855 140 rust: op ons verzoek ontsloot de koster der het koperen hek dat

160 2027 1886 138 het van de kerk afscheid zoo dat wy in dezelve traden; er zyn geene

157 2104 1871 131 de minste vercezelen aangebragt en alles zeer eenvoudig. In het

164 2174 1877 143 koninglyke slot kerk wierd dien morgen eene lykdienst voor de over

170 2252 1818 139 ledene koningin gehouden het was de eerste reis dat zulks na

190 2323 1860 158 de vrede geschiedde, er wierden by die gelegenheid 8 paar uitge

0 720 143 90 1816.
