2083 2540
1927 72 73 67 113

221 77 1765 154 by het heen gaan opgeslagen en vaetgesloten zoo dat niemand, zon¬

216 173 1828 127 derde sleutel te hebben, van een anders zitplaats gebruik kan maken.

208 231 1774 149 De Luthersche religie is en Saxende neerschende doch de koning en zyn

206 284 1831 176 gansch gezin zyn catholyk, zyne voorzaten hebben nu ruim een Eeuw gele„

212 365 1776 149 den, ten einde de Poolsche Kroon te kunnen bekomen, den Protestantsched

217 427 1809 160 Godsdienst verlaten en zyn tot de Roomsche religie overgegaan: alle mi„

218 503 1801 152 btaire bedieningen kunnen aan leden van beide gezindheden, die van

213 560 1765 168 het ministerie alleen aan Lutherschen, en de posten bij het hof en dat

205 640 1781 155 de Pruisen alleen aan Roomschgezonden Gegeven worden, schoon ook

201 711 1799 160 de koning onder zyne kamertieren en officieren van het hof wel Luthe¬

199 781 1769 147 taren telb. En hiermede myn vriend stappen wy van Dresden af

201 852 1818 157 hoe gaarne zon ik in melden dat wy het guine Gewolbe, die bewaar=

201 935 1829 162 plaats van alle de onnoemlyke schatten van den Koning, waarvan Bon„

200 1008 1831 159 gaadt in zine reio 1 deel bl182 - 188 met zoo veel ophef spreekt, wiens war=

201 1092 1819 141 ga misschien nergens is, gezien hadden, of eenige koop hadden van

202 1171 1821 128 te zullen zien, dan hiertoe is geene gelegenheid doch verbeeld en hoe

200 1245 1771 130 snen? de laatste jaren zyn deeze schatter altyd in de onverwin=

196 1317 1756 131 bare vesting noemgstein geweest doch zyn van daar zedert kort

202 1388 1815 141 in Dreeden terug echter nog niet uitgepakt en geschikt, evenwel met

196 1462 1779 128 veertien dagen voor een ieder te zien. ook de vesting koenigsteen die

199 1534 1842 122 wij zoo gaarn van binnen zouden zien kunnen wy niet binnen komen

197 1604 1807 123 hiertoe wordt een pas of permissie viljet van den Gouverneur van

202 1678 1778 132 Dresden gevraagd en deeze weigert zulks aan ieder zelfs aan

207 1746 1727 133 officieren van de Saksische armee vergenoeg in dus met de

203 1811 1840 140 beschryving die Bongardt er van geeft van bl 204 - 212, ik moet my

202 1885 1844 135 hier ook mede te vrede stellen: even wel hoop ik uitwendig de ves¬

202 1971 1797 141 ling te zien op onze hour door de Taksische Schweitz werwaarts

205 2040 1834 156 wijstraks hopen te vertrekken: ik zal u uit de Schweiven schriven

210 2121 1773 158 en de brief op het eerste gelegenheid expedieden. Waarmede

203 2227 1342 129 P. S. zoo gy ooit in Dresden komt verzuint dan niet het op eene

203 2325 1230 82 hoogte aan de Elve op het lerras van Bruhl gelegene Belve=

198 2344 1812 104 dere koffyhuis te bezoeken, hier hebben wy eens gegeven en dikwyts geweest men heeft

199 2408 1840 89 es het heerlykst gezicht op het onophoudelyk gewemel op de groote brug en het altoos duzend

204 2472 754 65 neen en wedervaren der goudels op
