2083 2540
196 73 1839 167 In eene grootte bak met water, waarin voor ieder Emmer 2 lb Zwavelduur,

188 161 1844 135 geworpen, en eenige tyd rondgedraact zynde, bekomen de schyven die schitte„

188 212 1809 151 rendeglans en hierdoor scheidt zich alle vieligheid af: door het stuk

188 253 1853 174 in eene schroef aan de tavel bevestigd te plaatsen en in een ehorizonta

185 323 1842 174 berigting eéns rond te draagen bekomen zy het teken op de rand en nu

181 378 1874 172 na de muntkamer gebragt waar 2 persen, wier hefbomen door versche

181 439 1844 183 den menschen bewogen worden, de gansche werken: op ééne dag worden

188 509 1846 190 hiergelyk ik boven zeide 40000 stuk gemunt het is de moeite waard

185 583 1827 195 te zien hoe verbazend snel de man, wiens post het is ot het stuk oa

183 651 1824 196 der depers te plaatsen, zich het reeds gemuntte weet weg te krygen &

180 735 1855 180 reeds onder het draagen het volgende er als ondergooit: de stalen

180 821 1772 181 stempels, waartusschen het geld gelegt wordt, zyn gewoonlyk en twee

178 891 1842 182 dagen afgesleten en als het staal slegt is wel in een paar uurtids

184 968 1822 171 afgesleten of althans onbruikbaar: in een naburig vertrek zage

184 1046 1797 168 wy den Graveus ook werken: hier worden ook med alles geslagen

183 1129 1808 155 waarby de bewerking volkomen dezelfde als boven is behalve dat

182 1211 1782 140 deeze dikwyls meer dan eens onder de schroef of pers moeten

178 1274 1804 158 hetgeen met de gewoone munten het geval niet is. De Koninglyke

177 1348 1837 151 Porcelein fabriek in de Leipsicher straat verdient ook wel gezien te

176 1425 1769 151 worden vooral het magazyn dat zeer ryk is. In de werkplaats

176 1484 1867 163 agter het hoofdgebouw gelegen zagen wij eerst hoe men de aarde kneed=

178 1557 1839 151 de en daarna in gipsen vormen deed van deeze zyn hier een oneindig aan

182 1634 1834 144 zal) men wonde ons hierde verschillende overs waarin het voorwerp

174 1699 1839 160 gebakken en naderhand gekoeld wierd; hier droogt alles een zesde in;

170 1764 1873 171 in eenige volgens de vertrekken was men met het schilderen & vergulden

178 1830 1855 166 bezig hier waren veele, waaronder zeer kleine jongens, aan het werk

178 1904 1876 159 zommigen werkten na schildery en andere uit het hoofd er waar„

183 1975 1881 166 eenige groote meesters, onder die zeer sijn en allerkeuriget werkt

183 2048 1831 158 kleuren en goud zyn eerst zeer dofen bekomen eerst dien glaas als het

175 2117 1839 162 glazuur er opgebragt is, zy nogmaals aan het vuur zyn blootge„

186 2196 1852 139 steld geweest wordende het goud dan door een klein yzertje gepolyst:

187 2264 1857 131 ik had hier het een en ander kunnen bestellen met zoodanig opschrift

191 2340 1881 145 als ik verkoos, dan geen kans ziende om het en zyn geheel overtekryge

0 1344 56 73 en
