2083 2540
1859 80 93 85 100

195 85 1753 168 bekomt, nog lang in hare tegenwoordige staat blyven moeten, daar er

165 202 1794 121 gyts eenige Koperen penningen en waren toen wy onze milde gaven inde

160 262 1827 121 de stortten. Verder wandelden wy den weg naar Lieberwolkowrts tot

150 330 1789 129 in de Schaferei Meiersdorf op met oogmerk om de hoogte te beklimmen

147 387 1885 123 narde drie monuretien op hunne Knieen den Hemel dankten toen schwafte

149 455 1764 128 „berg hun de tyding van de bevogtene zege bragt, dan horende, dat

156 495 1820 150 allaar, 't welk men daar ter plaatse had opgerigt, de vorige winter

152 572 1838 150 s omgegooit en weggenomen, zagen wij van ons voornemen af en keerder

148 644 1816 141 aan Leipsig terug, over een stuk sand gaande waar men bezig was te ploegen

151 710 1801 120 gedurig bienderen van menschen en paarden boven werkte, daar

140 769 1824 124 k hier eene begraafplaats was gewast. Gedeeltelyk na sloegen wy den

143 836 1823 137 elfden weg in te weten tot den Thonberg doch bieten nu het dorp Stoteritz

146 905 1822 138 geliggen en wandelden langs de Strassentauzer naar de St Jan voor¬

143 971 1767 122 tad zoodat wy door de Grummesche poort weder in zeepzig kwamen

140 1034 1814 147 aar wy de Petersthors waren uitgegaan. met ons overig gezelschap

141 1110 1816 124 nogten wij vervolgens de voorstad waar door alles gevlugt is ten

148 1178 1801 127 „de de brug over de Pleysse te bereiken, de weg hier niet zeer breed

153 1247 1790 119 ynde is hetgeen wonder dat dezelve met kanonnen affuiten eiz in

155 1298 1836 148 oogenblik, zoodanig verstopt was; en dat ook hier vry wat gevogten

151 1376 1804 150 slagen wy aan de belendende huizen: aan een huis toch by de in„

148 1442 1803 148 ang van eene straat gelegen heb ik 81 merken van Kogels getelt

144 1511 1825 146 die in het pleister, waarmede alle huizen overdekt zyn, de tekens

146 1585 1856 159 hadden agtergelaten. Aan de brug gekomen welke te vroeg is gespron„

156 1662 1837 149 en betung ik w niet weinig verwonderd te zyn geweest dezelve niet

144 1731 1841 143 onder vindende zynde de rivier de Pleysse hier zeer smal schoon dui

150 1802 1844 144 enden, uithoofde van de woedende stroom, er hun graf in gevonden hebben

128 1877 1823 138 dusr Gelbert verhaalde ons nog eene byzonderheid dat namelijk de

136 1942 1804 131 twe monarcten, lang na het springen der brug, toen en Leipsig geen

143 2012 1817 135 vranschman meer was, die niet krygs gevangen was genomen, hier

143 2077 1838 162 zynde om de verwoesting tezien, de vijand van de overzyde uit een

146 2150 1850 152 enkel kanon nog twee a drie schote, in 't wilde gedaan had; door de

147 2229 1856 135 groote aandrang van nieuwsgierigen was het de monarchen een oogen¬

147 2297 1827 150 blik ommogelik geweest om lerug tegaan en indien de Franschen

0 1884 155 139 opte bou
