2083 2540
374 1 331 69 personer

139 73 1848 134 en eenige andere grootere Suyens defileeren, nadat dezelve eerst door

139 170 1839 102 ten Prins, die te voet door de geledezen ging, was geinspecteerd geworden;

146 230 1847 103 y deder schoone manoeuvres vooral de Cavallarie & artillerie die niet

142 285 1820 119 unne Canonnen met 8 paarden bespannen vri wat over het veld vlogen

141 354 1814 109 in eens vakterijen formeerden, dan weder opzaten en z. kortom deeze in„

972 409 65 55 ragte

133 410 1843 129 spectie voldeed ons zeer wy wandelden het overige van den avond

141 476 1802 126 in de schoone tuin, agter het slot gelegen, door, & gebruikten aldaar op

136 531 1848 131 Een heerlyk plekje een goed glas Rhynwyn die reeds hier de gewoone

134 605 1838 130 schynt te zyn. Dien zelfden avond arriveerden van Arnhem onze over

135 663 1814 142 ge Reisgenoten te weten Prof=s Tijdeman van Leiden, de Stad: Bodel &

134 742 1834 118 de Nr: de Geer Secretaris van L. E. de Hr. Repelaar van Driel die ons

135 811 1850 137 slechts tot Gottingen zal vergezellen, alwa terwil onze andere com¬

134 873 1846 147 nagnon de Siudent Hogendorp reeds vooruitgereid is, welken wy

134 955 1431 141 voor Cassel waarschynlyk niet zullen ontmoeten.

133 1028 1838 143 Zie daar dan het een en ander nopens Munster & hetgeen ons al=

135 1116 1782 121 daar wedervaren is, ik zoude deeze nu kunnen sluiten, doch

137 1161 1850 146 veronderstellende dat gy ook nieuwsgierig zult zyn hoe wy hier

135 1232 1871 156 te Paderborn zin gekomen zal ik dezelve nog vervolgen tot onze

134 1346 394 94 komst alhier.

144 1343 1841 189 Den 3 July. Reeds vroeg vertrokken wy van Munster met de gewoone

146 1470 1808 126 postwagen; daar ons gezelschap thans uit 7 personen bestaat &

139 1527 1846 138 er nog eenige passagiers buiten ons waren, hadden wy eenen bywagen

137 1588 1835 138 nodig die wel is waar gemakliker was, doch waarin wij ook veel

135 1653 1864 150 meer aan de regen waren blootgesteld: reeds spoedig bemerkten wij aan

137 1723 1872 129 de loome slap onzer paarden dat wi om te Paderborn te komen

136 1792 1873 133 nog menig uur ons zouden moeten vervelen daar de weg tus

140 1863 1861 130 schen deeze plaats en Munster ver van aangenaam is doch daar

135 1935 1866 117 en tegen zeer eentonig is slechts hier en daar door Kruisen, capillen

131 2008 1827 114 beelden of iets diergelyks afgewisseld. Even voor het stadje Telgt,

128 2078 1863 131 3 uren van Munder gelegen, ontmoette ons de andere postwagen

127 2142 1788 128 waarmede wy van paarden verwisselden echter tot ons nadeel

127 2207 1824 138 want in plaats van 5 kregen wi slechts 41 paarden. Te Telgt
