2083 2540
217 73 1791 131 de bergen uitmantend bouwland toen op het onverwagts de Elve aan

1010 77 204 61 wanneer

218 160 1780 109 weerbzyden met lanen bezet te voorschin kwam en wij saksens

1956 73 94 81 105

217 215 1827 114 hoofdstad in volle pracht voor ons zagen, nimmer, nimmer zal ik dat

219 281 1811 99 verzuklyk gezigt vergeten nooit zal mij die eerste aanblik op Dres¬

216 337 1830 108 den en deszelfs heerlykebrug uit het geheugen gaan (zie N=o) met regt

205 394 1780 125 Koos ook Bougardt dit gezigt tot de plaat van het eerste deel zyner

198 469 600 103 vyften reizen bladz 198.

194 477 1848 150 Dresden is door de Elve, die hier zeer breed is, in twee deelen verdeelt de oude

188 577 1854 115 stad is op de linker in de Nieuwestad op de regteroever van de twies

180 642 1862 102 gelegen: zy zyn door een der schoonste bruggen vereenigd die men en Eu„

182 703 1820 106 lopa vindt, dezelve bestaat uit 18 oogen en is meer dan 500 schreden

181 761 1814 100 lang tusschen elk dezer bogen is een halve maan in de rivier uit

176 819 1833 98 gebouwd waar men op banken rueten en ongestoord naar weers

174 881 1801 111 zyden de overheerlyke gezigten opmerken kan: de lyweg in het

168 946 1762 113 midden is 13½ El en de voetpaden, die aan weersziden met

173 1010 1847 112 groote vierkante stenen belegt zijn, 2½ El breed. De Franschen heb=

175 1062 1852 126 ben in 1813 twee dezer boogen afgebroken ten einde de communica=

175 1135 1807 112 tie met de andere oever moeylyker te maken thans echter zyn

180 1196 1821 124 zy geheel herstelt: op de halve maan tusschen genoemde oogen

180 1269 1801 114 staat een vergulden faucifie, opwiens zenken voetduk men

185 1336 767 104 de volgende woorden reest,

234 1382 1272 114 Galle dejeterunt die xix Martio co pcec XIII

214 1425 1732 154 Alexander redituct die natali xx11 Decembris c1o10CCC XIII.

171 1533 527 133 En een weinig lager

692 1532 409 166 Joan Georg: H

757 1649 237 79 Elector

709 1699 333 97 AcreJudit

634 1743 517 126 Freder: Augustus

794 1825 156 69 Rey

704 1847 331 87 danavit et

770 1916 244 66 lapide

713 1947 339 82 substrupet.

192 1943 1819 150 van welke zyde men ook kome steeds is het verpligt het regtsche voet¬

176 2054 1839 103 pad te kiezen daar de eene zyde voor gaande en de andere voor terug

168 2112 1814 109 kerende personen bedemt is; bij het einde der brug en opsommige af=

166 2172 1823 123 standen zyn schildwagten geplaatst die de vreemden en van dat

156 2244 1774 109 gebruik onkundige personen hiervan verwittigen: hoe nuhtig

172 2309 1863 118 deeze inrigting is zultge ligt begrypen als ik en zeg dat de gansche

1205 1945 134 76 men
