2083 2540
398 1 346 102 personer

163 42 1820 150 te zien, en kort daarop de stad Cassel zelve, alwaar wy om 5 uur in het voor=

148 145 1862 130 taeflyk waarlyk vorstlyk logement de Kurfurst derdepadel onzen

142 221 351 102 intrek namen.

148 204 1842 177 Zoo heb ik is dan gelukkig tot Cassel gebragt myn Vriend, ik dagt het met

146 306 1867 132 weinige woorden te zullen doen en heb verscheiden pagina 's volgeklad

151 367 1862 129 zoo gaat als men maar eens depen heeft opgevat dan vloeyende lette

154 418 1846 155 als van zelve uit depen ik hoop dat my de tyd nu niet te kort zal vallen

154 501 1203 131 om ri met Cassel eenigzints bekend te maken.

169 499 1780 188 Door voortreflyke legging, inwendige schoonheid en menigvuldige hier

170 615 1816 139 by eengebragte zeldzaamheden verdient Cassel gewis de opmerkzaamheid

168 678 1816 140 van elken reiziger en thans zoo veel te meer daar alle zet kostbaar¬

170 734 1846 149 heden, zoo uit het Muscum Fredericianum als Schilderyen uit Parys zyn

168 798 1780 150 terug gekomen & voor ieder vreemde te zien zyn. Ik zal maar een aan

155 851 1836 160 vang maken met gemeld Muscum & om in een zeer flaauwe schets er van te ge

141 907 1881 170 ven uit iedere kamer het een en ander opnoeme. dat mij als het zeldsaamste

151 969 1869 146 opbeste is voorgekomen. - Voortby den ingang in het Eerste vertrek vonden wi

157 1021 1837 167 behalven veele dingen eene groote collectie vogel eyeren van alle grootte

158 1079 1814 182 lufiguur, de op verscheidene plaatsen (zie onder anderen de brieven voor

158 1154 1866 147 noemd 1deel bl 167, 168, 169) beschrevene houtbibliotheek zynde echter geheel

152 1214 1834 172 anders ingericht als de enkele voorwerpen die wij op onze Academiesche

149 1282 1886 160 boekery le Groningen bezitten, eene extra zware stam van eene lauwriet

142 1342 1861 150 boom en eene groote verzameling van in was geboetzeerde vruchten

146 1409 1887 162 zoo natuurlyk gekleurd als ik ooit iets gezien heb. De Tweede Kamer

157 1472 1883 143 was geheel gevuld met opgezette vogels waaronder een groote Casu

155 1541 1853 154 rus en eene geheele kas vol paradis vogels; het geheel was naar

159 1599 1834 149 het Lynnaeische Lystema Gerangschikt. By het openen der derde

158 1664 1881 131 Kamer, waarin lonter viervoetige dieren, wierd het oog terstond getroffen

154 1730 1874 146 door een opgezette en een Geseletteerde olyphant zoo ik my niet bedrieg

161 1796 1871 123 had dit dier hier in de diergaarde geleeft even als een leeuw, tyger

167 1858 1818 139 kaapsche ezel, luipaard, drommedanis, wild &wyn en rendier alle

155 1919 1869 147 hier voorhanden, van daar kwamen wy in een soort van galery

152 1986 1807 134 door eene zi van zuilen ondersteund hetgeen het eigenlijke

175 2036 1884 148 vestibule van het geheele gebouw is en aan het schoone Frederik

173 2116 1893 152 plein uitkomt hier waren antiquen en voorwerpen van de nieuwer

163 2174 1857 170 veeldhouwkunst doch veele stukken waren vry wat beschadigt
