2083 2540
198 70 1761 171 op de luniker oever ligt het dorpje mombach, dat door eene schoone laan

199 150 1811 156 at Mentz vereenigd is, en juist hierover het dorpje Beeberich byzon„

198 229 1796 144 er merkwaardig door het schoone slot dat hier de Htertog van Nas„

202 297 1743 151 an Uzingen heeft en dat zich op eene afstand zeer goed voordoet;

193 362 1768 156 daar de Rchyn hier eene merkelyke bogt heeft geniet men op dit

194 423 1769 161 wet het laaste gezicht op mentz en deszelfs omstreken. vervol„

195 493 1783 174 gns vertoont zich het dorpje schierstein aan den regteroever en met

184 565 1833 156 van daar Nieder Wallant, hier beginnen de bergen zich al meer en meer

187 634 1831 168 an te sluiten 't geen aan de linker oever, waar men intusschen Budenheur

181 716 1818 160 passeerd, het geval niet is. Elfeldt op de regter oever vertoont zich van

183 780 1782 165 erre zeer aardig even als Erbach en Hattenheim, hetwelk men op

189 852 1837 172 donverwagts te zien krygt, na het lange Eiland de Rheinaux, geheel

185 935 1798 166 het Kreypelbosch begroeit, voorby gevaren te zyn: na nog om en langs

182 1008 1804 174 enige Kleinere eilanden geroeid te hebben kregen wy vestreck en den

187 1083 1821 148 om zynen uitmuntende wyn wyd en zyd vermaarde Iohannis berg

178 1160 1827 154 in het Gezicht. Te Winkel zynde een schoon en vry groot dorp aan

176 1238 1807 182 land gaande om Genoemden berg, waarvan men een uitmuntend ge=

174 1308 1863 171 licht heeft, te bestygen wierden wy door eene hevige tegenvui begroet

177 1389 1847 161 de ons ondanks onzer noodzaakte dit voornemen te laten varen

191 1467 1806 163 om, in plaats van eerst te Giesenheim weder in de boot te ko„

179 1537 1795 146 men, maar hoe eerder hoe beter onder het zeildoek te kruijzen.

181 1615 1795 160 Va Geisenteumr en Enburgen Gepasseerd te zyn kregen wy Ruder

175 1693 1843 176 hein op de regter en schuirs daar over Brrgen op de linker oever

177 1773 1858 164 in het gezicht hier was de Rin al zeer breed en vorende als twe¬

174 1858 1800 155 de een meer, tot dat de bergen, wier loppen hier met zwaar bosch

169 1930 1797 163 beladen, en voor het overige met wynstokken beplant, haar by

168 2005 1849 187 Rudeshei. geheel schenen intesluiten en zy zich als met geweld

172 2112 1305 143 door het Bingerloch eenen weg scheen te varen.

172 2142 1863 186 om 9½ uur te Ruderhein aankomende betaalden wy onzen mentzer

170 2256 1876 140 schippers af en namen dadelyk an deze aan die ons met een uitmun

173 2324 1781 163 tend geheel nieuw schipje voor 4½ louis d'or in 3 dagen naar
