2083 2540
349 0 361 41 personen

1857 38 120 98 XV.

0 109 159 103 Waaro

656 112 277 126 Brief XX

0 191 154 79 thase

441 164 919 149 uit Mentz van den 19 Augustus 1816.

0 262 148 85 eyving

0 331 56 76 9

132 258 1716 167 Beschryving van Transfort De mis lokkveele vreemden derwaarts.

0 331 1955 143 k dit Lyst van aangekomene vreemdelingen. — Deeze verzeigniss is echter zeer ve

0 436 1992 100 van dieus. — Schoone brugover de Main. — Saxenhansen. Het Stadhuis de

134 493 1844 97 Romes — Wahlzimmer. — Gouden Bul met gezien. — Beschryving daar

0 516 105 92 141

133 547 1864 112 van Schouwburg repraesentatie van Graaf Esser. — Casino. —. Senkerberg

126 613 1857 104 sche slift.– Bolanische tuin. Anatonie – Bibliotheck. Domkerk. Leo

804 677 1156 105 omstreken van Transfort — Wandeling over

124 674 652 109 nard en Ik Catharine Kerk.

122 740 1846 109 Bockenheim naar Hansen: — Wandeling naar Offenbach. — verzameling

119 804 1845 106 van opgezette vogels van den H=r Meyer. — Heendrukkiny van den Heer

0 836 1988 129 Darkt André. Beschriving van dezelve Vertrek van Fransfort. Ook

0 927 1972 102 en ledde kroonpanis vertrekt. Het maaktschip naar Meulz. — Hetstadje

0 988 1977 104 .— Aastichst. — Hochkeim en deszelfs wynbergen. — zamenvloeying van de

0 1050 1913 106 k — Ve Main en den Rhyn. — Moeilijkheid om dit punt te boven te komen.

0 1109 1954 109 van onAankomst te Ments.— Een kaerel draagt alle pakagie. Boot

0 1170 1969 107 theim of zoogenaamde nachen tot Rudeshei aangenomen. — Beschrij„

0 1232 1987 117 enhanving van Ments. — Schoone gezigten aan den Rynkant. — Schip

0 1292 1985 117 island brug over de rivier. — Castel. — Profs Lehné. — Bibliotheek in

0 1360 147 74 ent de

146 1368 1853 110 het Lyceum: — Mechanische werktuigen. — Oudheden in de omme

0 1425 128 75 oone

137 1434 1851 107 streken der stad opgedolvend — schilderyen.— Plan van eene brug over

0 1492 130 83 sner.

135 1502 1188 117 de Ryn die Napoleon had willen maken

1535 1504 424 117 Bladz 156

0 1554 145 85 van M

0 1616 138 74 van

676 1594 348 171 Brief XXI

0 1667 154 88 Merk

300 1706 979 127 uit Neuwred van den 21 Augustus 1816.

0 1737 153 76 Hanan

0 1799 125 88 ont.

150 1758 1812 159 Vertrek van Maintz. — Het wederlaat zich slecht inzien. — Water deligende.

0 1869 77 76 3

192 1880 1789 96 de Peter en Ingelkamer aw. — Beberich met het lustslot van den Herlag

141 1916 1855 136 van Nassan Uzingen. — Rynvaart tot Erbach. — Het lange eiland Schein An

0 1935 125 101 lagen

178 1999 1750 112 Johannis berg. — Verhindering om dezelve te beklemmen. — Het dorp

0 2026 33 42 af

17 2019 80 73 e

137 2061 1761 105 winkel. — Geisenheim. — Gezigt op Radeshein. — Aankomst aldaar.

0 2085 134 88 evon¬

133 2125 1784 103 Goed schuitje tot Keulen aangenomen. — waarom niet tot Nimwegen.

0 2149 119 98 149

136 2184 1830 121 wandeling naar het Niederwald. — Beschryving van deeze schoone
