2083 2540
1933 28 82 71 27.

185 54 1840 134 hier zyn uitmuntende spiegels van 7 voct breed en 9½ voet hoog; in de spys ka„

165 113 1866 134 mer was men juist bezig om het zilveren servies optebrengen, & Hoogheid was een oogt

158 207 1863 103 blik te voren gaan wandelen om den vreemden gelegenheid te geven van het gan

154 265 1859 104 sche gebouw te zien: zoo kwamen wy dan ook door een kleed, slaap, schryf en mu„

153 325 1881 110 zick Kamer in de slaapkamer van Hieronymus waar men notabere nog alle

157 386 1877 115 ornamenten van adelaars enz had gelaten. Eene gansche reeks van Kamrer

161 459 1873 115 nog passeerende kwamen wy boven op de bibliotheek, die er uitwendig goed

155 514 1885 127 uitziet zynde alle boeken prachtig ingebonden en agterglazen deuzen geplaats

152 595 1860 115 of het inwendige aan het uiterlyke beantwoort daaf ik niet bepalen. Daar op

158 664 1859 117 dit moment ons gezelschap zeer talryk was, zynde te gelyk met ons in

162 733 1839 113 het slol de 6 Groninger menoniten, die daags na ons vertrokken, & de

163 798 1851 142 vorige dag in Cassel waren aangekomen, alsmede de Hr van Assen Secreta¬

156 876 1803 109 ris van Z. H. Prins Frederik en de Student Hogendorp de vorige dag

154 940 1872 129 insgelyks in Cassel gearriveerd, waarvan de laatste het overige van de reis

149 1005 1856 133 met ons zal doen terwyl de H:r van Assen met den H:r de Geer van dadelyk

151 1079 1841 141 op Gotto Transfort gaat om dusdoende voor den 1 Augustus weder in

150 1149 1838 148 den staag te zyn: daar, zig ik, ons gezelschap zoo talryk en de zaal

148 1215 1869 136 van de bibliotheek vry groot was, hadden wij alle het vertrek verlaten

147 1281 1870 134 en waren de dubbelde deuzen gesloten zonder dat een van ons den Heer

144 1351 1844 136 Hogendorp, die boven gebleven was, miste; door ons dru k diccours en het

153 1420 1813 138 nedergaan der trappen konden wy zyn geroep ook niet horen: hy had

153 1492 1855 126 hier reeds eenige tyd gezeten toen het hen gelukte een vengster te openen & hy

155 1563 1842 125 met roepen het oogenblik waarnan dat wy het hoofdgebouw verliezen om

147 1624 1851 133 naar eene dervleugels te gaan: hoe hartlyk wy lachten toen wykem daar

149 1691 1873 140 boven voor het open raam zagen schreeuwen taat zich gemaklyk begrypen

149 1767 1861 135 In de eene vleugelzagen wy eene zaal geheel vol met schilderijen

156 1832 1864 130 van Titschbein veele derzelver stelden tafereelen voor uit de Giern

146 1900 1808 144 Salemne liberata van Torguato Tasso, eenige waren uit Wielandt's

150 1965 1840 161 overon genomen, van deeze alle is eene zeer omslagtige catalogus te

145 2032 1871 138 vinden in de beschreivang des Kurfurstlichen Landsitzes Wilhelms=

145 2104 1857 150 tishe vey Cassel en 1804 door eenen, w. Doring te Cassel uitgegeven 't geen

147 2181 1858 137 voor elken bezigtiger van deeze heerlijke lustplaats ommisbaar is.

152 2247 1874 158 Dan hiermede willen wy het slot voor gezien houden & wandelen naar
