2083 2540
408 1 348 54 personer

1925 53 68 76 17.

178 64 1775 184 daar wy oogtuikend met 4 paarden waren vertrokken en verzuimd

172 192 1837 115 hadden bij den postmeester te Paderborn een bewys te vragen dat wy 7

168 250 1870 114 sterk van daar gereden waren: toen wij eindelijk met kragt van rede¬

168 311 1825 119 neren den man van zyne dwaling overtuigd hadden, kon hy ons

169 377 1866 132 geen wagen voor zeven personen leveren, Kon ons ook geen twee van vier

172 441 1857 142 bezorgen: tot overmaat van droefheid haalde ons hier de Munstersch

169 510 1861 126 wagen dien wi verlaten hadden, en een der passagiers, die de vorige

165 574 1861 142 dag met ons op dezelve geweest was, vroeg met een schrampren glim¬

165 637 1838 134 Each: sind sie noch da ick meinte sie hatten Extra post genommen

171 705 1845 134 Eindelyk reden wy even voor 5 uur van daar in een wagen waarin

660 777 252 73 waarin men

169 769 1832 146 men als in een doofpot geheel krom moest zetten wyl dezelve niet

167 834 1868 146 hoog genoeg was en 2 moode buiten op de Koffers zich zoo goed mo¬

479 933 151 46 moesten

164 904 1873 149 gelijk plaatsen: wy hadden to jonge paarden die vrywat wild waren

161 967 1873 149 vooral toen wy à om het hardst tegen een ander met 41 paarden bespannen

164 1046 1839 143 lyting reden, menigmaal dagt ik dat de voerman dezelve niet meer

163 1110 1860 138 meester was en eens waren wy nog genoodzaakt ilings van de wagen

160 1177 1874 152 te springen om hen by de kop te grypen toen zy by eene afgrond sterk ste

159 1238 1876 159 gerden; toen zy moede wierden ging het allengekeus over Eene besch

161 1311 1873 158 ving te geven van de uitmuntende gezichten die wy zagen is volstrek

159 1378 1834 149 ommogelyk: dan eens op zeer hooge bergen zynde had men een ruim

164 1449 1829 147 en onbelemmerd gezicht naar alle zyden, en dan weder geheel en al

168 1513 1851 153 door bergen ingesloten wierd hetzelve aan alle zyden beperkt & genood

166 1594 1855 151 zaakt zuch tot nader by zynde voorwerpen te bepalen: geen won=

176 1665 1858 138 der dat wy opgetogen over de schoone natuurtoneele, ons weinig

171 1735 1873 138 om het stoten onzer wagen, weinig over de vallende regen behou¬

166 1811 1833 157 werden, schoon hy, wiens bewit het was om buiten op de koffer

164 1876 1835 163 te zitten, de regen maar al le zeer gewaar, wierd. Na Kleinenberg

159 1948 1845 154 gepasseerd te zyn kwamen wy in een uitgestrekt bosch, indien

158 2028 1824 144 zoo ik meer het Hardehauser wond geheten naar een klooster

157 2103 1852 133 aan het and van hetzelve gelegen; doen wij door hetzelve waren za

155 2179 1880 144 gen wy de eerbiedwekkende Kruin van den Dezenberg een uur agter Wer

159 2248 1846 151 burg gelegen. Onder eene gestadige tegen kwamen wy on 8 uur te
