2083 2540
1927 49 83 80 76.

204 54 1755 152 meling van hoorens van diezen alsmede eene collectie vogelneeten

209 133 1786 140 en vogellieren van den struis tot het kleinste vogeltje toe: einde

205 200 1757 153 lyk in de laatste kamer gekomen zieh men de hoorens en schulpen

204 274 1743 116 onder deeze was er een waarop de woorden Wilhelmus princejes

198 312 1791 142 Aurialus en het jaartal 1580 gegraveerd waren welke dus waarschyn

200 390 1785 140 lyk uit eene Hollandsche verzameling herkomstig is, eene menigte

197 439 1792 145 reeften en krabben, waaronder zeer groten, trof hier nog byzonder

197 501 1817 164 mijne aandagt. Doch vooral de mineralogische verzameling is zeer

192 578 1813 141 volledig de Hr. Weissging met ons de verschillende kamers rond al„

190 644 1832 155 waar alles in zeer net bewerkte kassen was uitgestelt, alle laden

190 716 1798 132 worden door één slot aan gesloten dat aan eene lat bevestigd is

188 794 1751 129 die alle de einden der laden bedekt: hier is ook een groot, van

192 860 1782 121 verschillende soorten van mineralen zamen gesteld, sluk voor

189 923 1789 135 randen zoo ik my niet bedrieg door den Keiser van Rusland

188 997 1779 149 ten geschenke gegeven: de mineralen zyn naar het Lystema

585 1071 1384 132 gerangschikt. In het Thcatrum Auahomi¬

203 1118 72 98 a

193 1139 1813 150 nn, hetwelk de Prof=r Rudolphi de vriendelykheid had ons te

188 1209 1834 148 aten zien, is een groot aanzal praeparata op liquor voorhanden

187 1294 1841 136 daaronder zeer schoone en uiterst zeldzame dingen, overgene

186 1355 1799 140 ridt men hier 400 sieletten dit alles is in drie groote zalen

186 1427 1787 146 het is waarlyk te verwonderen hoe men en zulke korte jaren

185 1494 1830 149 zulke importante verzamelingen heeft kunnen by een brengen:

177 1580 1791 121 aan de ingang ziet men twee sieletten van menschen van eene

179 1647 1797 139 ensachtige groote zynde het eene 7 voet 3 duim en het andere

184 1716 1769 137 voet Pruisische maat die grote dan de Rhinlandsche is,

180 1789 1836 128 wanneer men na dit ingedroogde seelet de groote van de perso¬

174 1859 1784 155 nen rekent, is dezelve zeker ontzettend geweest: beidi, waren

174 1941 1866 127 onder de Gardes van Frederik de Grote geweest. — De bibliotheek„

173 2009 1801 132 die mede ten dienste der staderende is, bestaat uit 200,000

174 2066 1825 156 banden, zy is worderlyk geplaatst daar het gebouw in eene half

175 2146 1796 153 trelvormige gedaan te gebouwd zynde alle de kasse ook

174 2230 1822 136 aldus geplaatst zyn hetgeen niet voldoet. voor den medische

174 2310 1830 142 student is hier eene uitmuntende Hortus, vooral ryk in plante=
