2083 2540
1937 86 84 76 112.

199 87 1795 126 prachtige tempet der kunsten als een heiligdom eerbiedigd: Napoleon door

198 178 1840 99 dit voorveeld misschien getroffen heeft ook geen enkel stuk naar Parys ver

195 235 1851 99 voerd, schoon Denou in 1806 de voortreflykste schilderijen ter vervoering reeds

199 296 1782 92 besemd had. Onder de Nederlandsche school muntten naar myn inzien

198 353 1768 117 veele stukken uit van Frans Mieris, van Rembrandt, van van der Hulst,

197 420 1793 101 van Gert: Dow, van Rubbens enz van laatstgenoemde was is een groot

200 467 1789 127 landschap dat zeer hooge waarde heeft wyl deeze meester er slechts

197 527 1770 124 eenigen van zyn leven gemaakt heeft: van van der werf waren dertien

195 592 1799 117 stukjes de eenigen die om het zagte coloniet onder glazen waren zyn

190 654 1767 115 welke men dan zoch wegneemt om beter te kunnen zien: er zyn ook

187 713 1808 120 eenige van Ruysdael en Frans Snayders op welke wouerman de veel¬

185 782 1843 115 den heeft geschilderd. Tot besluit zich men in een klein vertrek eene menig=

188 849 1768 114 te kopieen inpastel waaronder veele van Mengs: het locaal dat deeze

182 914 1769 120 uitmuntende verzameling bevat is er zeer geschikt toe en geniet

177 972 1836 123 van een plein, een ruime straat en een groote bassecour een uitmun

178 1048 1767 125 tendlicht, steden is het de naamdag van den Koning van Saksen, reeds.

183 1102 1802 126 zeer vroeg kwamen de 3 Prinsen Zoonen van Prins Magimiliaan, waar

185 1166 1798 124 van de oudste de vermoedelyke erfgenaam van den troon is, van Pil=

187 1230 1847 127 rits te paard de poort binnen zyden; by deeze gelegenheid is er eene Chirur=

184 1297 1793 134 gische en medische Academie geinstalleerd waarde Heeren Peifer

182 1363 1852 151 Peiler en Caras ieder eene lange en drooge redevoering hebben gehou

179 1446 1816 137 den zoo zelfs dat de 3 jonge Prensen, die er tegenwoordig waren, byna in

183 1518 1798 144 slaap vielen en de een den anderen gedurg aanstoteder als zy aange„

184 1596 1837 128 sproken wierden, het was er zoo stoppend vol dat men ter naauwernood

186 1663 1837 144 binnen Kon komen: myne Creisgenoten hebben het er tot het laatste

189 1743 1813 134 toe uitgehouden doch ik woonde de plegtigheid slechts voor een oogen

182 1818 1831 131 blik by en gebruikte die tyd om in min eenzaamheid eene allertiefste

187 1890 1769 135 wandeling naar het, één uur van Dreeden gelegene dorp Reckuitz

190 1960 1755 126 te doen, ten einde aldaar het slagveld van den 27 Augustus 1813

196 2038 1668 112 en het monument aldaar voor den Gesneuvelden Generaal

194 2102 1726 126 moreau in de nabijheid van gemeld dorp opgerigt, te bezien

196 2171 1733 141 De Pirnasche poort uitgaande dwaalde ik eerst eenige tyd om,

194 2222 1810 151 daar men my toen van verre het dorp wees, vond ik een uitmuutend

194 2321 1769 150 pad, dat, dwaas door vruchtbare konenvelden, my derwaarts
