2083 2540
1890 5 104 87 66

166 45 1727 151 wy zoo even aangekomen en in de Gouden Adelaar in de Zeijpsicher

157 114 1861 150 straafe logeeren. waarschynlyk zullen wij hier 3 a 6 dagen blyven en daar ik

156 187 1845 140 alles wat wy in die tyd hoopen te zien niet in eene brief zal kunnen, be„

159 253 1823 155 vatten zult gy mogelyk nog twee van hier ontvangen en dan beloof

156 328 1639 152 ik u zult gij letters voor het Geld hebben. Vaartwel

162 428 1867 201 P. I. Gelukkig zyn onze valiezen gearriveerd, dus zyn wy uit de ongerust„

165 560 1827 141 heid: zy dien er deerlyk gehavend uit: by de visitatie wilde men uus

1773 601 215 63 myn valies

163 622 1859 141 confisqueren omdat ik voor g justolen eenige patronen had

164 676 1855 152 medegenomen: door een halve daalder in de hand te voelen veranderde

161 744 1848 172 de man toch van gedagten en gaf ons alle onse bagagie van mede.

1093 908 666 212 Bealin den 24 July 1816.

637 1112 284 164 Amile?

207 1149 1837 243 zedert vyf dagen alhier, beloofik en dat wij onze tyd net verknoeit

201 1296 1829 179 hebben, zynde van 's morgens tot 's avonds uit om het een en ander

201 1372 1836 185 optenemen en te zien, en, om tyd uit te winnen, dagelyks, in plaats

199 1446 1777 195 van in ons logement, by eenen restaurateus etende, op zulk een

199 1523 1780 161 uur als het ons het best convenieerd: ware ik in staat u alles ja

196 1604 1811 189 slechts het hoofzaakelykste mede te deelen ik ven verzekerd dat

196 1669 1790 192 gy i verwonderen zoudt van waar wij de tijd gevonden hebben,

198 1725 1869 204 dan ik zal tragten u met het een en ander omtrend Berlijn mede

199 1816 1837 191 te deelen en wel in deeze brief Beilin zelve iets over de stad zelve,

201 1891 1856 172 over eenige van deszelfs Gebouwen, wandelwegen, kabinetten, insti=

208 1960 1852 179 laten en fabrieken schryven, om u in eene volgende, waarschynlyk

208 2037 1840 186 uit Dessan, meer byzonder te onderhouden over de Universiteit

201 2113 1865 174 en het geen daartoe betrekking heeft over eenige openlyke vermaken

194 2188 1826 175 van Opera, Comedie enz alsmede over eenige uitstapjes die wy buiten

218 2259 1837 191 Berlin gedaan hebben; intusschen reken ik als altoos op uwe toegeef=

0 1951 78 82 er

0 2018 75 55 voel

0 2071 47 63 A

0 1285 138 85 Spree

0 1381 52 88 of
