2083 2540
189 17 1800 197 geremarqueerd worden want de grootste koop kleedt zich volgens

185 150 1816 117 het staaltje dat ik 2. medegedeeld heb. vergeet daarby niet om

166 207 1848 132 voor uwe komst alhier goed te leven om een ander secundum regu„

170 262 1832 143 lasartis naar de andere wereld te helpen want wie hier niet

160 315 1865 171 ducelleren blive van van hier, zulks is aan de ordre van den dag

165 379 1862 162 en geschied om de minste bagatelle b. v. om maar iets te noemen

168 437 1842 159 wanneer van eenige studenten die zich ontmoeten hy, die de goot

168 505 1862 164 aan de regterzyde heeft, niet behoorlyk uit de weggaat om den

172 569 1827 177 anderen te laten passeren; ja dan zit het er reeds op dan moet

169 645 1825 160 er geklopt worden. — onze oude academie kennis de Lange, die

170 705 1809 159 voor twee jaren te Groningen was sludeerde, troffen wij hier

170 777 1830 161 aan hy was ook even als de overigen gekleed, wij passeerden

170 867 1344 145 een zeer genoeglyke avond op zyne kamer

171 891 1835 196 Gisteren verliet ons de Heer de Geer die sinds Munster onze reis

186 999 1834 155 genoot was, wi regresteren hem zeer daar hij een zeer kundig,

190 1058 1818 140 minzaam en vrolyk mensch is; zijn id is naar Cassel gere¬

188 1116 1841 137 towineerd om van daar met de Hr. van Assen naar Fransfort

183 1186 1815 164 & te reizen als moetende voor den 1 Augustus weder in den

180 1295 369 117 Haag zyn.

177 1313 1811 181 zie daar dan myn vriend al het merkwaardige dat wy in

171 1418 1840 130 Gottingen gezien en gedaan hebben morgen vertrekken wij

188 1479 1826 123 om 4 uur van hier naar Osterode om vervolgens te voet door

189 1545 1809 126 den Harz te gaan Tydeman & Bodel gaan niet mede omdat het

192 1614 1836 125 hun te fatiquant zal zyn maar gaan over Claustal, Goslar naar

187 1680 1828 121 Brunswyk om den 16 weder by ons in Maagdenburg te zyn, van

1534 1743 298 99 vale

193 1754 1368 136 daar of mogelyk eerder hoop ik i te schryven.

1483 1853 212 85 S. T.

216 1947 1804 171 P. S. Tot een staaltje van Duitsche manieren kunt gy wel eens ver=

229 2059 1774 128 tellen dat men ons hier in het eerste logement, na het afgene„

214 2120 1797 112 men van het eerste en tweede geregt, dagelyks tusschen de andere

201 2177 1776 133 schotels een bord met tandepennetjes plaats, dit veel aftrek

210 2252 1812 128 heeft schoon men mogelijk de aldus gebruikte voor een volgende

210 2317 1748 137 dag weder zorgvuldig by elkanderzocht. — Wace in transitue.
