2083 2540
1897 57 110 118 163

1040 75 801 143 Neuwied den 21 Augustus 1816.

525 281 262 164 Amile

178 355 1812 217 te gaarn zoude ik u iets mededeelen van al het schoone dat wy gedu„

181 490 1745 146 rende deeze beide gezien dagen gezien hebben, van al wat wy gevoeld

193 556 1827 144 ondervonden hebben dan zulks is het ommogelyke willen Geen stere

181 626 1810 158 ling toch hier van houd ik my verzekerd, is in staat zoodanige lo=

169 692 1829 154 nalen te schilderen: wiltgy dus iets hier meer van weten koomdan

165 766 1799 178 elf deeze streken bezoeken en ik ten overtuigd dat gy even als wy

175 834 1854 178 van opgelogen zulk zyn ik wil toch niet hopen dat de konde beschry

163 916 1816 152 ving het droge vertraal, dat ik van mededelen zal, w hiervan zal

167 984 1856 153 fschrikken; neen veoordeel het volstrekt niet naar die schets want

166 1081 1039 133 Aan zondt Gydeerlyk bedragen worden.

172 1100 1820 200 Het was in den morgen van den 20 Augustus ongeveer 6 uur dat wy ons

171 1210 1843 133 aan boord van onzen boot begaven: het weder liet zich eerst zeer slecht

175 1285 1764 140 uzien daar het de regen by ons ontwaken gedugt tegen de glazen

169 1356 1805 149 kletterde 't geen ons allen in eene onaangename stemming bragt: toen

176 1428 1844 141 oy ons inscheepten was het droog weder doch dit duurde met lang

171 1502 1775 130 daar wy, ter naauwernood naar het midden der rivier gedreven

166 1568 1861 135 en maintz in eene heerlyke ligging achter ons ziende, genoodzaakt

164 1650 1834 124 varen het zeildoek van onze schuit te laten vallen: wij maakten

164 1721 1812 133 zee groote spoed daar twee schippers nog gedurig werden schoon

165 1791 1812 121 de derke stroom ons van zelve snel genoeg voortstuwde: te ge„

170 1872 1809 134 lyk met ons stak ook de water diligente van wal hetwelk een

163 1941 1767 157 groote en naar het uiterlyke te oordelen van veel gemakken

157 2008 1821 149 voorziene schuit is die tot Cobleur vaart, dan spoedig verloren

164 2082 1857 161 wy dit vaartuig uit het gezicht daar het op verre na zoo spoedig

159 2165 1784 160 niet voortkwam en dreven voorby de lange eilanden de Peter en

160 2237 1785 148 de Ingelheimer An genaamd welke in 1792 voor belegenden en

162 2316 1670 160 belegeraars zulk een gewigtig punt is geweest zijn.
