2083 2540
1157 93 795 141 Nimwegen den 25 Augustus 1816.

583 270 564 173 waardste Vriend.

171 341 1834 200 uist heden acht weken tusschen Coevonden en Noordhoorn ons Vaderland

174 480 1832 118 verlaten hebbende mogt het ons heden gebeuren alle in volmaakte wel

171 542 1825 122 tand hier voet aan wat te zetten en den Vaderlandsche bodem te betre

176 604 1770 144 ten, een voorregt myn vriend dat wy niet genoeg kunnen er kennen

178 665 1828 138 waarvan ik my haast en tyding te sturen overtuigd dat geeven als

172 733 1765 141 ter hartelyk over verheugd zult zyn. — Dan zoo lang met my gereird

171 796 1815 158 hebbende dient gy my ook wel van Dusseldorp herwaarts te verge

164 906 156 92 elles.

166 885 1802 187 den vroeger morgen van den 24 dezer besteedden wy om desseldorp wat

165 1006 1824 127 ondtewandelen en het merkwaardige er van op te nemen: wy merk

169 1076 1822 146 en by die Gelegenheid eene schoone, bloeyende, wel bebouwde en aange

163 1142 1804 140 naam aan den Ryn gelegene stad die haren naam van het rivier=

165 1204 1818 146 Ge de Dussel ontleend dat op die plaats zyne wateren met den Ryn

161 1276 1807 134 vereenigt. De markt, 't geen een schoon plein is, prykt met een uit

167 1349 1752 142 muntend levens groot standbeeld van Keurvorst Johan Wilhelm

158 1425 1767 140 door den veroemde Crepello gegoten en op een zwaar marmeren

154 1497 1855 147 voetstuk geplaatst: het paard, waarop de Keurvorst zit, en dat

157 1581 1816 138 in eene fiere houding schynt voorwaarts te stappen, voldeet my

158 1653 1847 126 het meest. Het slot van den Keurvorst is voor eenige jaren geheel

160 1733 1747 137 afgebrand toen de stad belegerd wierd, thans is het eene opene

156 1799 1790 139 plaats daar men de wallen geslecht heeft: hiervan heeft men

152 1873 1847 148 uitmuntend party weten te trekken en allerliefst zyn de wan„

153 1953 1798 138 delingen die men in het park en in de slosfgarten, op deeze

153 2025 1839 150 plaatsen aangelegd, kan doen, waarvan wy ook, zoo lang de tyd ons

151 2105 1791 145 toeliet, gebruik maakten. Te voren was de schilder Gattery, die al„

144 2171 1869 147 daar Gevonden werds Dusseldorps grootste meekwaardigheid daar

147 2257 1882 141 deeze al zeer beroemd is: in 1710 is dezelve door Johan Wilhelm opgerigt

148 2336 1792 149 en tot eene hooge graad van volkomenheid gebragt doch voor eenige
