2083 2540
162 104 1772 125 Rhyn, en het eiland Oberwertt tot aan Over Lakenstein toe, voorwaarts

165 189 1828 109 oprotsen en Ehrenbreitstein, links over de Stad en deszelfs omstreken tot

164 262 1841 109 ver over de Moezel. - In Thal, waar wy weder met de Gierbrug oversta=

164 316 1757 117 ken, vonden wy een zeer schoon vlek dat zeer goed bebouwd is en waar veel

162 390 1780 111 drukte heerscht. Hier is eene bron van mineraal water dat echter

157 450 1829 124 Voor het vervoeren al zijn kracht verliest zoodat het alleen door de

152 528 1845 121 mwoneis van Thal, Coblens en eenige naby gelegene plaatsen, gebruikt

154 601 1813 119 kan worden: eerstgenoemde kunnen naar believen daar uit scheppen,

146 668 1841 121 zonder iets te betalen, doch de overige betalen voor iedere pte kruik

148 752 1846 120 ééne penning: wij proefden er aan tavel van en deszelfs smaak beviel my

148 823 1769 127 wel; ook de Moezel wyn, die wy by ons uitmuntend diner aan lable

148 893 1808 119 shote gebruikten, was zeer goed. Door dit een en ander niet weinig ver=

140 966 1800 120 sterkt namen wy de reis naar de Ehrenbrectsteiner rots aan; eerst is

142 1033 1820 127 de weg vry gemaklyk en loopt alslungerende naar boven, doch aan de

139 1102 1847 120 voorvesting gekomen moet men over eene menigte woest door elkander

136 1166 1811 125 liggende stenen klimmer hetgeen ten uitersten moeylyk is, daarna

134 1234 1814 139 bevindt men zich eensklaps, na nog eenige tyd tusschen ruines &

135 1307 1857 141 puinhopen doorgegaan te zijn, op het plein der voormalige vesting:

136 1373 1821 146 hier ziet zeel men nog een paar Gewelven, een half ingestortte poort

136 1448 1853 141 en de zymuren van een grooter gebouw staan dat te voren tot arse

133 1521 1869 139 naal gediend heeft: na met veel moeite over eene groote hoop puinho„

132 1593 1863 140 pen geklauterd te zyn bevonden wy ons op een nog vry gaaf gedeelte

122 1662 1830 135 van eenen horen die almede in de lucht was gesprongen, daalder

123 1727 1873 157 weder af en gingen door eenen smallen verwelfden Gang die schuin

125 1802 1830 159 na beneden liep en waarschynlyk tot verging van het een en ander

126 1878 1855 141 diende, daar dezelve bomvry was: toen bevonden wy ons weder mid=

122 1958 1860 151 de tusschen puinhopen op het uiterst randje van deeze steele rots.

122 2036 1872 152 van waar vind ik thans woorden om in het Godlyk gezigt mede„

133 2108 1876 159 te deelen dat wy hier Genoten: onder ons den majestueuren Rynstroom

122 2189 1875 137 die zich regts en links door een eiland en tweeen verdeelt al sliigerend

130 2263 1843 135 tusschen de hooge bergen verliest en soms als ter sluijts voor een

125 2332 1860 153 oogenblik weder te voorschyn komt, de schoone Moezel van verre
