2089 2492
0 87 130 129 atref:

0 177 146 87 liezen

0 246 89 64 oor

0 304 121 73 252.

466 0 285 26 wy

1920 1 108 100 14

671 207 304 126 Brief IX

427 236 832 170 Uit Berlin van den 24 July 1816.

151 325 1885 176 Plan omtrend deeze en de volgende brief. — Beschryving van Berlin. — Brug

153 445 1801 102 over de Spree. — Pleinen. — Monumenten en standbeelder op dezelve.

154 510 1866 105 De Luiden: — Brandenburger poort en zegewagen op dezelve — Gezegdens

147 571 1838 91 van Blucher daaromtrent. — Het Koninglyke slot. — Paleis van den kroon„

149 628 1865 97 prins. - Mon Byon, — Arsenaal een wonder van Duitsland. — Plans van Fran„

145 686 1821 107 sche vestingen in hetzelve te vinden. verzameling der Naturf onschende

140 747 1872 104 Freunden. — Genstimamsche verzameling van Schilderyen. — Beschry„

45 780 66 80 te

143 809 1828 103 ving van de Munt. Koninglyke porcelein fabriek. Deszelfs maga¬

144 871 1829 111 zyw. — Roomsche Kerk van H Stedwig. — Dom kerk word geheel vertim=

56 927 78 93 voor

143 938 1782 107 merd. — It Sophien, St Dorothea en H Nicolaas Kerken. — Nieuwe

137 984 1833 129 vransche en Hoogduitsche kerken op de Gendaame markt. — Schoone

143 1054 1865 133 horens en beelden op dezelve. — Iustituit van doofstommen niet kunnen

141 1133 1849 111 zien. — Blinden insituit onder opzigt van Prof:s Zeune. — Beschry=

140 1200 1805 118 ving van hetzelve alsmede van het onderwis dat er gegeven

136 1252 480 121 word

1232 1272 691 117 -Bladz: 66.

698 1365 294 168 Brief X

439 1444 867 152 Uit Dessan van den 26 July 1816.

152 1526 1795 163 Waarom en wanneer de Mtademie van Berlyn gedicht. — Prachtig

147 1602 1872 140 Universcheits gebouw, voorheen het Paleis van Prins Hendrik. — Beschry„

147 1687 1865 129 ving van hetzelve. — Hier zyn alle verzamelingen die tot de Academie

145 1761 1763 121 betrekking hebben. — ook wonen er veele Professoren, de Tedels en

139 1827 1868 133 Amanucuses.  Collegien voor ons un Berlyn niet de hoofdzaak zoo als

133 1885 1865 140 in Gottingen. — Collegie van den Staatsraad Hufeland. — van Savigny

146 1965 1778 128 en Schmalz. — de laatste gelijkt sprekend op de overledene Pass=o

136 2027 1818 141 Ruardi. — Beschryving van het Muscum Zoologieum. — Profes=

137 2118 1836 147 for Lichtenstein. — - Mineralogische verzameling onder opzigt

0 1116 106 86 at

0 1190 111 84 eerie

0 1249 132 95 skro¬

0 1333 66 78 3

0 1393 153 98 oKerk.

0 1464 149 84 over

0 1543 127 92 ning

0 1629 112 65 en

0 1672 126 83 menn

0 1755 82 93 ter

0 1842 100 83 voet

0 1912 139 68 jeance

0 1967 126 75 leis

0 2031 133 90 i de

0 2107 99 90 i.

0 2188 54 52 -

0 852 36 70 t

0 637 139 115 te wagt

0 710 83 87 as

161 34 1876 135 Aankomst te Berlijn. — Logement de gouden Adelaar — De valliezen geluk

153 119 1087 116 kig aangekomen. — Derzelve visitatie ---

1688 133 319 105 -Bladz 59.
