2083 2540
200 70 1797 135 gpagens meestelyk uitvoerde, Labes, mauer, vieweg, Buvenhagen,

199 155 1823 112 Veissman en Sieber: onder de actrices waren Madame Milder Nauptman

198 212 1796 133 enz en Cunike, Mademoiselles Joh: Cunike, Leist, Willman, en Sebas„

196 277 1803 119 tari. Het gebouw, waarin 5000 personen kunnen geplaatst worden, was

199 335 1740 118 ar vol er zyn zes zoorten van plaatsen waarvan de eerste ƒ 2- 8- „ en de

195 388 1761 138 nuste ƒ 1-4 -„ kosten de eerste acteur heeft jaarlyks 3000 en de meeste

193 455 1771 115 verige acteurs en actrices 2000 Thaler inkomen. De decoratien waren

194 515 1785 136 idmantend en stelden alle Egyptische ruines, rempels, mosquées enz

193 581 1711 128 oor, de toneelen veranderden alle zonder dat het gordyn viel &

193 636 1752 140 lles gelukte volkomen. In de Koninglyke loge, die met cristallen

187 699 1821 173 roonen uitmuntend verlicht wordt, zagen wy de Geheele Koning

189 771 1833 167 lyke familje, als mede onze koningin met zoons en dogter, een Prins van

187 839 1831 177 Hessen Homburg broeder van den in 1813 by Lutzen gesneuvelde Prins,

196 911 1829 155 en vorst Radzovil met zyne vrouw zynde een der Poolsche Groten

197 985 1768 149 ene Princes van Hessen zuster van onze Koningin en meer andere

187 1038 1830 153 personen van distinctie; daarnaast in eene loge dat Madame Catalani

186 1120 1827 142 deeze heb ik met veel Genoegen een concent horen Geven waarvan ik

183 1189 1840 152 vaarlyk verrucht was, niet half geen kenner van de muzyk zynde

182 1250 1842 172 dagt ik my niet te zullen annoeren dan hoe geheel anders viel

181 1330 1766 170 dit uit ik kan en niet zeggen hoe zeer het my leed deed dat

186 1404 1831 168 atalam, uit hoofde van een schielyk opkomend mal de gorge,

184 1500 1795 148 het laaste stuk van rule Britannia met konde zingen: de

181 1563 1781 159 coneert zaal is ook zeer pragtig, er kunnen veele menschen

179 1641 1851 167 geplaatst worden, voor die avond waren er 1500 kaartjes ieder

178 1733 1792 166 van 7. 4 - „ of 5- 8 - „ dus door elkanderen getekend ƒ 6- 6 - „ afgegeven

173 1806 1791 148 een schoone verdienst in 3 uuren doch haar man weet hier wel

174 1880 1791 160 weg mede als spelende zeer grof en ongelukkig: nu heeft zij

179 1961 1823 152 hem niet op eene jaarlyksche maar op eene dagelyksche taks

178 2032 1841 143 taxe gezet, die hy niet mag te boven Gaan: daar en een grote

175 2113 1844 150 party ten hove was verscheen het hof, dat hier ook gewagt wierd,

176 2186 1789 147 dien avond niet in deszelfs loge bleef ledig: Eene aud by het

187 2256 1818 133 uitgaan relde ik tusschen de 60 en 70 Koekzen en fiacres: dit

193 2334 1793 147 laatste zoort, zyn kleine wagentje met korte wielen voor één
