2083 2540
553 33 315 124 zy kost 1½ miljoen

216 79 1770 156 was dezelve Gereed:/ de Kerk is in de Ionische order gebouwd, is circel:

215 175 1809 134 rond en van den grond tot aan de top des koepels van vierkante stenen

213 237 1766 151 zoodat zy zonder houtwerk geheel uit deen yzer en lood bestaat, de

210 308 1806 137 bovenste Koepel is geheel naar die van St Pieter te Rome gebouwd men

215 377 1729 157 komt in dezelve langs eene breede spicaals gewyze oplopende gang

1134 451 140 54 maakt

215 453 1751 130 die het klimmen zeer gemaklyk maker van boven van de Koepel heeft

216 505 1805 164 men over de stad, over de statig rollende Elve, die men aan weerszyde

211 589 1801 173 tot op eene geruime afstand zieh, en op de ommestreken van Dreeden

206 659 1801 161 een uitmantend gezicht. In den Zevenjarigen oorlog liet Frederik

208 732 1806 160 de Groote te vergeefsch zyne vatteryen op dit Gebouw speelen daar

203 802 1819 157 deszelfs dikke muren het volkomen bomvay maakten, slechts eene

200 878 1824 168 kogel had boven aan de Koepel een Klein hoekje zerk weggenomen; de

203 950 1812 182 kerk was toen voor veel en een schuilplaats. Napoleon, wien zulks

197 1026 1818 148 verhaalt wierd, wilde het niet geloven doch ging zelfde kerk en de

201 1101 1784 153 dikke muren bezien en bekende toen dat het het eerste gebouw van

202 1166 1783 172 dienaard was dat hy gezien had, en dat hy niet gedagt had dat

191 1237 1829 183 een gebouw van die grootte tegen bomben vay konde zyn. Alle plaatsen

198 1320 1802 181 ten getalle van bool zyn genommerd en men vindt zes galeryen

203 1390 1827 199 boven elkander er is zoodanig een klank in de kerk dat men op de

202 1469 1817 193 bovenste Galery zeer zagt tegen de muur luisterende duidelijk ge-

199 1549 1824 206 hoord wordt door iemand die aan de tegen overgestelde zyde

198 1620 1844 177 staat. De kerk is aan de Luthersche eere dienst toegewyd even als

200 1692 1817 197 de Kruiskerk waar ik den Superintendent Tittman en de St So=

202 1784 1773 188 phien kerk waar ik den Hofprediker Ammon hoorde: in beide

210 1864 1783 181 deeze kerken zyn afzonderlyke loger met schuifzamen dikwyls

204 1931 1840 185 verscheiden ryen boven elkander, in sommige vindt men zeer elegante

199 2006 1829 203 stoelen en een Kasje om boeken etc in te bergen het spreekt van zelve

204 2077 1792 201 dat onder de godsdienst de glazen opgeschoven worden terwyl

197 2165 1815 188 de de andere, waar geene personen in zyn, gesloten blyven: de

202 2237 1839 216 zit plaatsen beneden in de kerk zyn alle afzonderlijk en worden
