2083 2540
341 88 873 136 Christian Turchte Golt Gellert:

291 181 890 128 Diesen Lehrer and Beispiele

361 262 625 105 der Tugend und religion

306 314 746 133 widmete dieses Denckmal

411 395 461 98 line Gesellschaft

260 434 849 140 Seiner Freunder und Zeitgenossen

318 526 662 121 welcke von seine verdiensten

338 590 541 101 angezeugen waren

210 622 934 165 Geb: 4 July 1715 Gestor: 13 Aug: 1769

186 699 1820 169 Buiten de kerk op het groote Kerkhof vindt men zijn graf; een witte steen

186 813 1771 120 met een kort opschrift dikt hetzelve terwyl het van een wit hekje en

181 863 1843 139 rozeboomen omgeven is: voorleden jaar heeft men in Haynichen, de geboor

185 923 1784 149 te plaats van Gellent en hier in Leijnsich, waar hy stierf, het Eeuwfeest

186 992 1842 135 van zyne geboorte dag geviend; op dien dag zijn er vry wat gelden ingeza„

186 1049 1776 136 meld waarvoor te Haynichen een aam gesticht zal worden opgerigt

189 1107 1828 141 het buste van deeze groote man ziet men te Zeijsich in de ruin van het

187 1178 1829 148 Paulinum zynde het academisch gebouw. Hier zynde zagen wy de begra

191 1256 1830 135 vens van een Ober Gerichts Secretair, de lykkoets, waarvan de paar

187 1333 1799 138 den door in rouw gekleedde personen geleid wierden, was zeer laag en

186 1401 1819 157 wierd door 12 andere Koetsen, in ieder van welke 3 a 4 personen laten,

188 1473 1830 143 gevolgd: terwyl men de kist in het graf zette hief een koor van kinde„

189 1542 1779 158 ren een schoon gezang aan, daarna deed de predictier overluid

190 1609 1821 159 een kort Gebed en toen stapte de familje, waarvan niemand mantels

193 1684 1850 143 fzoo iets had, weder in de koets in volle draf elk eene kant heen rydende

193 1757 1827 151 de knegten waarvan er twee agterop stonden waren alle in zyde gekleed

204 1835 1722 140 hadden Grote klakken op. -Alvorens wy de zoo benoemde velden

196 1893 1830 151 rondom Leijsich, alvorens wy het slagveld, waar de vrede van Europa

194 1972 1829 152 bevogten wierd, gingen zien, diden wy in Gezelschap van Prof=r Gilbert,

199 2052 1793 144 en in de Physica door en door kundig man, overigens een waar carila=

196 2122 1811 157 uur, geen 4 voet groot en van voren en agteren zeer gebult, eene wande„

198 2200 1826 152 ing door de stad by welke gelegenheid hy ons op het Observatoruum vragt:

200 2271 1767 149 an hier had men een uitmunterd gezigt op de omstreken der stad: van

200 2337 1769 161 verzag men Lutzen en deszelfs merkwaardig slagveld zeer duidelyk,
