2083 2540
1143 21 888 180 Eisenach den 13 Augustus 1816. 141.

694 234 286 128 Amice

194 304 1787 179 zedert Iena en niet geschreven hebbende hebt gy gewis ook niets van

199 411 1831 128 ons zinds die tyd gehoord, zoodat het voor my, wil ik met myn verhaal

197 489 1823 115 niet al te veel in't agteren komen, wel eens tijd zal worden depen weder

193 556 1391 127 optevatten en on un onze reis herwaarts mede te delen.

190 617 1843 147 Zondag den 13 dan na den eer Iena verlatende leden wy met een riting,

188 690 1773 127 dat ons voor 2 Thaler 15 grosschen tot weymar zon brengen, gedeeltelyk

189 756 1806 123 over en langs het slagveld waar de Pruissen in 1806 zoo deerlyk de

186 824 1778 127 pot getrokken hebben; wy passeerden op deeze zoute geene doopen

180 887 1837 121 doch het terzein is zeer bergachtig zoodat ik my niet kan begry

180 956 1798 123 pen hoe men hier op deeze hoogten met mogelyk een batailje

183 1022 1794 141 heeft kunnen leveren. Een onzer in het ryting blyvende om den voer„

177 1087 1783 134 man te betalen en onze pakagie te weijmar in het logement de

182 1157 1865 158 Erfprins te bezorgen wande lte met de overigen een half uur voor

184 1226 1845 144 laatstgenoemde stad uit de wagen en wandelde naar Thifurt,

181 1300 1810 143 zynde een doapje waaronder opzicht van Profs: Sturm een insti¬

173 1377 1862 131 luit tot onderwys voor landbouwers gevestigd is, hiermede is eene

174 1447 1828 142 groote voerderg, brouwery enz te Over Weimas gelegen, verbonden; op

180 1530 1817 140 Eerstgenoemd dorp brengt de Professor met zijne discipelen een ge=

174 1598 1806 129 deelte van het somer Saisoen door om hier in praktijk te brengen

177 1658 1872 152 wat hy hun des winters op zyn college te Iena theonetiecz doceert.

181 1727 1866 125 wy vonden te Ttifart by den H=r. Sturm den Htofraad Oken en zyne vrouw,

183 1795 1858 139 Profs Andrele en doctor Gladui die voor eenige jaren met zyn ams¬

183 1865 1824 131 tick onder anderen ook in Groningen is geweest en daarvan ter„

176 1935 1856 150 stond neef van Swinderen herkende: van deeze hoeve te Trufwit, die

177 2004 1837 158 aller aangenaamst Gelegen is, heeft men een uitmuntend gezicht

177 2075 1832 147 op de stad Weymar en op deszelfs park: ook over Weima, 't welk

181 2155 1840 159 wy insgelyks bezogten, is lief gelegen en eene schoone wandelweg

178 2224 1811 155 geleid derwaarts. Op de stallen van deeze voerdery zagen wy

169 2311 1856 148 alle mogelyke rassen van Koeyen waaronder de Zwitsersche byzon„
