<?xml version='1.0' encoding='UTF-8' standalone='yes'?>
<alto xmlns:xsi="http://www.w3.org/2001/XMLSchema-instance" xmlns="http://www.loc.gov/standards/alto/ns-v4#" xsi:schemaLocation="http://www.loc.gov/standards/alto/ns-v4# http://www.loc.gov/standards/alto/v4/alto-4-2.xsd" SCHEMAVERSION="4.2">
  <Description>
    <MeasurementUnit>pixel</MeasurementUnit>
    <sourceImageInformation>
      <fileName>0325_0552_0179_0325.jpg</fileName>
    </sourceImageInformation>
  </Description>
  <Styles>
    <TextStyle ID="textstyle-None---sans-serif---proportional---None---None---None" FONTTYPE="sans-serif" FONTWIDTH="proportional"/>
  </Styles>
  <Tags/>
  <Layout>
    <Page ID="None" PHYSICAL_IMG_NR="0" WIDTH="2083" HEIGHT="2540">
      <PrintSpace VPOS="0" HPOS="0" HEIGHT="2540" WIDTH="2083">
        <TextBlock ID="c5c48a19-e821-4040-b36e-84eca68a2d47" HEIGHT="2441" WIDTH="1881" HPOS="156" VPOS="46">
          <Shape>
            <Polygon POINTS="156,46 2037,46 2037,2487 156,2487"/>
          </Shape>
          <TextLine ID="line_074bcafb-0228-4bfe-a0a3-23e2f08f7c51" HEIGHT="173" WIDTH="1828" HPOS="165" VPOS="46" STYLEREFS="textstyle-None---sans-serif---proportional---None---None---None">
            <Shape>
              <Polygon POINTS="165,77 177,79 199,101 244,90 255,101 304,98 316,109 358,86 407,105 442,82 515,82 527,94 542,90 557,104 573,92 593,97 616,82 640,98 662,93 701,101 737,90 758,101 783,93 806,109 823,93 870,77 923,77 935,70 951,85 961,81 975,91 1002,70 1053,110 1080,94 1092,98 1106,89 1129,89 1137,97 1173,95 1221,77 1246,77 1275,89 1289,82 1305,85 1313,77 1372,78 1396,61 1428,77 1457,61 1514,101 1568,78 1610,78 1624,88 1644,77 1665,78 1692,57 1756,83 1772,74 1796,76 1819,58 1843,53 1853,61 1880,46 1902,46 1909,53 1939,49 1959,69 1972,64 1993,72 1993,119 1980,132 1947,129 1913,159 1889,144 1853,155 1838,148 1828,155 1811,140 1779,159 1732,164 1696,182 1664,166 1621,172 1602,155 1576,163 1556,148 1537,164 1521,163 1507,149 1481,175 1469,164 1448,171 1424,152 1392,176 1377,164 1337,194 1311,172 1281,188 1263,188 1196,156 1159,171 1137,165 1115,175 1093,160 1082,167 1044,160 1006,189 969,167 953,178 914,171 884,193 859,180 822,206 782,173 761,188 751,178 737,184 708,172 667,195 658,189 631,203 614,188 554,211 514,199 487,210 465,199 426,206 389,184 336,219 318,207 307,215 291,207 278,211 242,191 234,198 204,180 165,187"/>
            </Shape>
            <String ID="line_074bcafb-0228-4bfe-a0a3-23e2f08f7c51-dummy-Word" HEIGHT="173" WIDTH="1828" HPOS="165" VPOS="46" CONTENT="racchen of boot te huren; wy wilden graag dadelyk een voor de gansche ">
              <Shape>
                <Polygon POINTS="165,77 177,79 199,101 244,90 255,101 304,98 316,109 358,86 407,105 442,82 515,82 527,94 542,90 557,104 573,92 593,97 616,82 640,98 662,93 701,101 737,90 758,101 783,93 806,109 823,93 870,77 923,77 935,70 951,85 961,81 975,91 1002,70 1053,110 1080,94 1092,98 1106,89 1129,89 1137,97 1173,95 1221,77 1246,77 1275,89 1289,82 1305,85 1313,77 1372,78 1396,61 1428,77 1457,61 1514,101 1568,78 1610,78 1624,88 1644,77 1665,78 1692,57 1756,83 1772,74 1796,76 1819,58 1843,53 1853,61 1880,46 1902,46 1909,53 1939,49 1959,69 1972,64 1993,72 1993,119 1980,132 1947,129 1913,159 1889,144 1853,155 1838,148 1828,155 1811,140 1779,159 1732,164 1696,182 1664,166 1621,172 1602,155 1576,163 1556,148 1537,164 1521,163 1507,149 1481,175 1469,164 1448,171 1424,152 1392,176 1377,164 1337,194 1311,172 1281,188 1263,188 1196,156 1159,171 1137,165 1115,175 1093,160 1082,167 1044,160 1006,189 969,167 953,178 914,171 884,193 859,180 822,206 782,173 761,188 751,178 737,184 708,172 667,195 658,189 631,203 614,188 554,211 514,199 487,210 465,199 426,206 389,184 336,219 318,207 307,215 291,207 278,211 242,191 234,198 204,180 165,187"/>
              </Shape>
            </String>
          </TextLine>
          <TextLine ID="bdcc9cd0-e288-4bab-aa91-4363c8d1bb76" HEIGHT="128" WIDTH="1833" HPOS="169" VPOS="143" STYLEREFS="textstyle-None---sans-serif---proportional---None---None---None">
            <Shape>
              <Polygon POINTS="169,187 204,179 235,199 248,195 304,215 318,207 336,219 389,183 426,206 466,199 488,210 514,198 555,211 615,187 631,202 658,188 667,195 708,171 732,183 751,178 765,187 786,167 814,171 826,181 864,182 882,194 910,171 952,178 969,167 1003,186 1036,159 1066,174 1091,159 1110,175 1135,167 1146,175 1158,163 1166,167 1197,155 1260,187 1282,187 1312,171 1338,192 1374,167 1395,175 1422,152 1449,170 1473,148 1502,148 1526,163 1560,151 1585,170 1601,163 1628,173 1665,167 1697,182 1733,163 1781,159 1805,143 1829,155 1857,147 1881,151 1889,143 1904,155 1917,155 1929,143 1956,151 1977,171 2002,156 2000,205 1964,213 1938,201 1892,233 1878,229 1870,236 1839,220 1804,227 1777,216 1734,232 1704,228 1693,238 1645,240 1607,228 1593,240 1557,244 1540,234 1519,244 1500,225 1490,235 1462,221 1445,233 1418,221 1402,233 1363,224 1337,238 1322,232 1300,240 1270,229 1238,238 1212,225 1185,225 1159,248 1150,241 1121,251 1110,240 1087,244 1036,271 981,251 953,248 942,259 922,245 895,252 874,240 846,248 826,237 803,245 759,244 746,252 726,239 690,252 669,244 660,252 650,248 629,258 619,252 605,260 579,248 541,260 510,249 457,244 432,267 382,245 326,252 308,245 257,245 246,256 234,253 205,270 192,257 178,271 169,264"/>
            </Shape>
            <String ID="bdcc9cd0-e288-4bab-aa91-4363c8d1bb76-dummy-Word" HEIGHT="128" WIDTH="1833" HPOS="169" VPOS="143" CONTENT="Rynvaart aannemen, dan men berigtte ons, dat hier thans een zoort van">
              <Shape>
                <Polygon POINTS="169,187 204,179 235,199 248,195 304,215 318,207 336,219 389,183 426,206 466,199 488,210 514,198 555,211 615,187 631,202 658,188 667,195 708,171 732,183 751,178 765,187 786,167 814,171 826,181 864,182 882,194 910,171 952,178 969,167 1003,186 1036,159 1066,174 1091,159 1110,175 1135,167 1146,175 1158,163 1166,167 1197,155 1260,187 1282,187 1312,171 1338,192 1374,167 1395,175 1422,152 1449,170 1473,148 1502,148 1526,163 1560,151 1585,170 1601,163 1628,173 1665,167 1697,182 1733,163 1781,159 1805,143 1829,155 1857,147 1881,151 1889,143 1904,155 1917,155 1929,143 1956,151 1977,171 2002,156 2000,205 1964,213 1938,201 1892,233 1878,229 1870,236 1839,220 1804,227 1777,216 1734,232 1704,228 1693,238 1645,240 1607,228 1593,240 1557,244 1540,234 1519,244 1500,225 1490,235 1462,221 1445,233 1418,221 1402,233 1363,224 1337,238 1322,232 1300,240 1270,229 1238,238 1212,225 1185,225 1159,248 1150,241 1121,251 1110,240 1087,244 1036,271 981,251 953,248 942,259 922,245 895,252 874,240 846,248 826,237 803,245 759,244 746,252 726,239 690,252 669,244 660,252 650,248 629,258 619,252 605,260 579,248 541,260 510,249 457,244 432,267 382,245 326,252 308,245 257,245 246,256 234,253 205,270 192,257 178,271 169,264"/>
              </Shape>
            </String>
          </TextLine>
          <TextLine ID="line_04f6b3ff-75ed-484b-b1db-09db914e79ad" HEIGHT="151" WIDTH="1823" HPOS="169" VPOS="202" STYLEREFS="textstyle-None---sans-serif---proportional---None---None---None">
            <Shape>
              <Polygon POINTS="169,237 175,233 187,245 236,253 254,245 309,245 322,253 334,241 378,241 406,260 455,244 529,257 546,243 555,252 575,247 602,261 618,253 644,256 672,244 691,251 697,245 714,248 725,237 745,253 775,241 803,245 826,236 839,245 869,245 883,237 897,249 922,245 942,260 955,251 983,252 1036,272 1111,237 1159,245 1181,225 1222,227 1234,236 1282,232 1306,240 1315,233 1338,238 1377,221 1414,241 1444,221 1465,221 1487,233 1576,229 1592,237 1633,220 1651,236 1696,237 1714,228 1747,229 1765,213 1803,229 1878,207 1906,221 1927,202 1992,215 1992,262 1980,274 1958,262 1924,264 1876,283 1862,275 1822,275 1795,295 1775,279 1737,294 1700,275 1680,291 1651,275 1592,302 1559,291 1539,310 1518,310 1486,290 1434,291 1412,302 1340,290 1283,319 1253,295 1227,287 1184,318 1151,317 1135,302 1098,309 1090,302 1078,314 1064,303 1043,314 1023,302 1001,302 985,318 959,326 950,317 923,318 915,310 883,318 826,302 778,330 728,303 697,333 658,314 622,330 585,317 561,333 530,317 502,318 491,307 419,307 388,330 376,322 367,329 352,318 319,318 294,341 226,318 178,353 169,346"/>
            </Shape>
            <String ID="line_04f6b3ff-75ed-484b-b1db-09db914e79ad-dummy-Word" HEIGHT="151" WIDTH="1823" HPOS="169" VPOS="202" CONTENT="glde bestaat die met het postwezen en verhand staat waarom men niet">
              <Shape>
                <Polygon POINTS="169,237 175,233 187,245 236,253 254,245 309,245 322,253 334,241 378,241 406,260 455,244 529,257 546,243 555,252 575,247 602,261 618,253 644,256 672,244 691,251 697,245 714,248 725,237 745,253 775,241 803,245 826,236 839,245 869,245 883,237 897,249 922,245 942,260 955,251 983,252 1036,272 1111,237 1159,245 1181,225 1222,227 1234,236 1282,232 1306,240 1315,233 1338,238 1377,221 1414,241 1444,221 1465,221 1487,233 1576,229 1592,237 1633,220 1651,236 1696,237 1714,228 1747,229 1765,213 1803,229 1878,207 1906,221 1927,202 1992,215 1992,262 1980,274 1958,262 1924,264 1876,283 1862,275 1822,275 1795,295 1775,279 1737,294 1700,275 1680,291 1651,275 1592,302 1559,291 1539,310 1518,310 1486,290 1434,291 1412,302 1340,290 1283,319 1253,295 1227,287 1184,318 1151,317 1135,302 1098,309 1090,302 1078,314 1064,303 1043,314 1023,302 1001,302 985,318 959,326 950,317 923,318 915,310 883,318 826,302 778,330 728,303 697,333 658,314 622,330 585,317 561,333 530,317 502,318 491,307 419,307 388,330 376,322 367,329 352,318 319,318 294,341 226,318 178,353 169,346"/>
              </Shape>
            </String>
          </TextLine>
          <TextLine ID="ea281179-8104-4cff-bd17-4740f7c07267" HEIGHT="153" WIDTH="1851" HPOS="163" VPOS="262" STYLEREFS="textstyle-None---sans-serif---proportional---None---None---None">
            <Shape>
              <Polygon POINTS="163,349 175,353 201,329 253,312 305,328 321,317 344,324 355,317 388,332 420,321 432,309 453,309 477,332 495,317 526,313 538,325 556,324 568,333 588,316 623,329 650,313 701,329 732,301 771,329 795,325 825,301 850,309 873,300 888,313 913,309 929,318 942,313 960,327 1021,301 1046,317 1062,305 1090,317 1104,305 1131,301 1168,325 1189,325 1244,300 1270,317 1290,317 1340,289 1367,293 1382,305 1435,290 1469,304 1491,299 1507,309 1539,309 1566,290 1587,301 1622,281 1663,278 1686,285 1701,274 1745,293 1772,280 1798,297 1822,277 1851,281 1871,273 1881,281 1929,262 1960,289 1971,285 1996,297 2014,286 2014,333 1995,349 1972,336 1947,346 1920,340 1913,347 1856,340 1827,346 1814,338 1779,355 1756,339 1718,342 1676,350 1634,374 1593,367 1569,386 1501,350 1429,363 1401,358 1364,382 1334,382 1325,374 1304,374 1296,382 1263,355 1231,362 1208,380 1193,366 1169,374 1133,363 1123,372 1105,366 1092,378 1084,370 1048,366 968,398 944,394 910,370 879,370 862,382 836,371 796,374 788,382 766,378 754,390 705,398 688,386 674,393 650,375 624,375 617,382 606,375 557,375 517,382 492,401 461,382 441,390 432,386 414,402 372,389 342,409 311,405 297,414 265,399 229,414 197,405 180,415 163,402"/>
            </Shape>
            <String ID="ea281179-8104-4cff-bd17-4740f7c07267-dummy-Word" HEIGHT="153" WIDTH="1851" HPOS="163" VPOS="262" CONTENT="verder dan Rudesheim kan komen; tot zoo verre hebben wy dan een boot aan">
              <Shape>
                <Polygon POINTS="163,349 175,353 201,329 253,312 305,328 321,317 344,324 355,317 388,332 420,321 432,309 453,309 477,332 495,317 526,313 538,325 556,324 568,333 588,316 623,329 650,313 701,329 732,301 771,329 795,325 825,301 850,309 873,300 888,313 913,309 929,318 942,313 960,327 1021,301 1046,317 1062,305 1090,317 1104,305 1131,301 1168,325 1189,325 1244,300 1270,317 1290,317 1340,289 1367,293 1382,305 1435,290 1469,304 1491,299 1507,309 1539,309 1566,290 1587,301 1622,281 1663,278 1686,285 1701,274 1745,293 1772,280 1798,297 1822,277 1851,281 1871,273 1881,281 1929,262 1960,289 1971,285 1996,297 2014,286 2014,333 1995,349 1972,336 1947,346 1920,340 1913,347 1856,340 1827,346 1814,338 1779,355 1756,339 1718,342 1676,350 1634,374 1593,367 1569,386 1501,350 1429,363 1401,358 1364,382 1334,382 1325,374 1304,374 1296,382 1263,355 1231,362 1208,380 1193,366 1169,374 1133,363 1123,372 1105,366 1092,378 1084,370 1048,366 968,398 944,394 910,370 879,370 862,382 836,371 796,374 788,382 766,378 754,390 705,398 688,386 674,393 650,375 624,375 617,382 606,375 557,375 517,382 492,401 461,382 441,390 432,386 414,402 372,389 342,409 311,405 297,414 265,399 229,414 197,405 180,415 163,402"/>
              </Shape>
            </String>
          </TextLine>
          <TextLine ID="e70b0770-0506-43ac-8326-460028da25ef" HEIGHT="133" WIDTH="1856" HPOS="160" VPOS="339" STYLEREFS="textstyle-None---sans-serif---proportional---None---None---None">
            <Shape>
              <Polygon POINTS="160,403 181,417 198,403 236,411 287,387 342,410 371,390 390,392 424,377 441,390 461,384 496,395 504,387 525,391 536,380 547,383 558,375 589,379 614,371 632,379 650,375 666,387 693,387 716,398 749,391 766,379 788,383 804,371 841,383 873,375 914,390 951,371 1019,383 1057,363 1077,372 1090,359 1120,371 1132,363 1165,375 1180,367 1205,379 1248,355 1292,382 1324,374 1344,383 1363,367 1398,363 1408,355 1424,363 1444,359 1459,371 1489,351 1536,363 1567,387 1624,351 1635,351 1655,367 1683,342 1705,355 1749,351 1758,359 1807,339 1858,339 1871,347 1891,339 1911,347 1978,339 2007,363 2016,353 2016,400 2004,397 1967,413 1931,398 1919,409 1905,404 1883,418 1858,405 1827,413 1805,405 1792,416 1772,408 1763,417 1724,408 1709,412 1702,405 1669,420 1631,413 1620,421 1592,409 1533,444 1522,440 1516,446 1498,444 1473,421 1455,429 1438,425 1413,444 1404,436 1380,436 1368,448 1347,436 1328,446 1288,436 1271,451 1249,429 1232,440 1210,432 1184,452 1165,448 1145,456 1091,424 1043,452 1013,432 981,456 953,444 868,437 829,468 803,457 797,463 777,460 753,440 741,440 729,452 694,440 664,460 653,451 642,456 619,448 598,468 577,459 561,472 533,464 521,472 485,459 465,464 456,455 446,460 433,452 404,456 387,445 349,458 343,452 330,460 319,456 302,468 247,448 226,448 217,456 179,448 160,466"/>
            </Shape>
            <String ID="e70b0770-0506-43ac-8326-460028da25ef-dummy-Word" HEIGHT="133" WIDTH="1856" HPOS="160" VPOS="339" CONTENT="genomen waarmede wy morgen om 6 uur derwaarts kopen te vertrekken">
              <Shape>
                <Polygon POINTS="160,403 181,417 198,403 236,411 287,387 342,410 371,390 390,392 424,377 441,390 461,384 496,395 504,387 525,391 536,380 547,383 558,375 589,379 614,371 632,379 650,375 666,387 693,387 716,398 749,391 766,379 788,383 804,371 841,383 873,375 914,390 951,371 1019,383 1057,363 1077,372 1090,359 1120,371 1132,363 1165,375 1180,367 1205,379 1248,355 1292,382 1324,374 1344,383 1363,367 1398,363 1408,355 1424,363 1444,359 1459,371 1489,351 1536,363 1567,387 1624,351 1635,351 1655,367 1683,342 1705,355 1749,351 1758,359 1807,339 1858,339 1871,347 1891,339 1911,347 1978,339 2007,363 2016,353 2016,400 2004,397 1967,413 1931,398 1919,409 1905,404 1883,418 1858,405 1827,413 1805,405 1792,416 1772,408 1763,417 1724,408 1709,412 1702,405 1669,420 1631,413 1620,421 1592,409 1533,444 1522,440 1516,446 1498,444 1473,421 1455,429 1438,425 1413,444 1404,436 1380,436 1368,448 1347,436 1328,446 1288,436 1271,451 1249,429 1232,440 1210,432 1184,452 1165,448 1145,456 1091,424 1043,452 1013,432 981,456 953,444 868,437 829,468 803,457 797,463 777,460 753,440 741,440 729,452 694,440 664,460 653,451 642,456 619,448 598,468 577,459 561,472 533,464 521,472 485,459 465,464 456,455 446,460 433,452 404,456 387,445 349,458 343,452 330,460 319,456 302,468 247,448 226,448 217,456 179,448 160,466"/>
              </Shape>
            </String>
          </TextLine>
          <TextLine ID="line_63a44f0b-afad-417d-97c8-337135ec44cb" HEIGHT="167" WIDTH="1831" HPOS="169" VPOS="403" STYLEREFS="textstyle-None---sans-serif---proportional---None---None---None">
            <Shape>
              <Polygon POINTS="169,439 215,455 223,447 248,447 263,459 285,447 304,463 389,447 419,463 455,454 463,462 487,461 501,471 514,467 531,475 546,463 561,471 573,459 595,467 623,445 661,463 686,450 702,457 726,451 742,435 777,462 795,459 822,471 875,433 911,451 939,435 978,454 1016,427 1034,427 1050,443 1108,431 1143,455 1180,454 1211,431 1237,433 1243,427 1275,454 1309,451 1318,458 1343,435 1365,447 1392,435 1407,446 1460,423 1502,454 1594,408 1618,421 1633,411 1663,424 1702,404 1739,415 1758,404 1786,415 1800,407 1827,415 1858,404 1882,418 1904,403 1954,403 1966,413 1985,411 2000,423 2000,470 1983,485 1971,476 1953,484 1928,465 1899,465 1831,501 1795,476 1772,476 1751,488 1736,473 1724,473 1709,480 1687,477 1668,493 1649,496 1615,493 1602,481 1586,496 1572,489 1548,508 1493,485 1474,500 1448,489 1422,508 1363,521 1323,496 1254,496 1194,528 1164,528 1156,520 1119,527 1074,501 1046,501 1018,525 988,501 948,512 936,505 908,516 891,508 855,508 808,528 776,528 763,516 732,528 707,515 679,516 671,524 624,513 537,513 529,520 377,516 360,524 336,520 274,559 251,547 235,548 213,564 193,560 169,570"/>
            </Shape>
            <String ID="line_63a44f0b-afad-417d-97c8-337135ec44cb-dummy-Word" HEIGHT="167" WIDTH="1831" HPOS="169" VPOS="403" CONTENT="By het rondwandelen van Meutz krygt men geheele andere gedag„">
              <Shape>
                <Polygon POINTS="169,439 215,455 223,447 248,447 263,459 285,447 304,463 389,447 419,463 455,454 463,462 487,461 501,471 514,467 531,475 546,463 561,471 573,459 595,467 623,445 661,463 686,450 702,457 726,451 742,435 777,462 795,459 822,471 875,433 911,451 939,435 978,454 1016,427 1034,427 1050,443 1108,431 1143,455 1180,454 1211,431 1237,433 1243,427 1275,454 1309,451 1318,458 1343,435 1365,447 1392,435 1407,446 1460,423 1502,454 1594,408 1618,421 1633,411 1663,424 1702,404 1739,415 1758,404 1786,415 1800,407 1827,415 1858,404 1882,418 1904,403 1954,403 1966,413 1985,411 2000,423 2000,470 1983,485 1971,476 1953,484 1928,465 1899,465 1831,501 1795,476 1772,476 1751,488 1736,473 1724,473 1709,480 1687,477 1668,493 1649,496 1615,493 1602,481 1586,496 1572,489 1548,508 1493,485 1474,500 1448,489 1422,508 1363,521 1323,496 1254,496 1194,528 1164,528 1156,520 1119,527 1074,501 1046,501 1018,525 988,501 948,512 936,505 908,516 891,508 855,508 808,528 776,528 763,516 732,528 707,515 679,516 671,524 624,513 537,513 529,520 377,516 360,524 336,520 274,559 251,547 235,548 213,564 193,560 169,570"/>
              </Shape>
            </String>
          </TextLine>
          <TextLine ID="line_2bf8e857-98a9-4bcf-aedf-d9f957d26a0d" HEIGHT="140" WIDTH="1808" HPOS="180" VPOS="473" STYLEREFS="textstyle-None---sans-serif---proportional---None---None---None">
            <Shape>
              <Polygon POINTS="180,564 203,564 222,546 238,549 253,536 265,540 272,533 293,544 310,543 340,517 360,524 374,517 504,520 533,513 645,517 653,509 703,517 733,517 743,509 770,516 778,509 807,528 856,508 893,508 906,517 940,501 984,501 1023,528 1073,497 1114,525 1154,521 1172,529 1193,528 1236,493 1257,493 1264,500 1311,493 1382,521 1395,509 1414,508 1448,489 1476,497 1498,488 1526,501 1542,485 1566,482 1589,493 1603,482 1616,493 1650,497 1669,493 1694,474 1736,475 1751,489 1791,473 1834,501 1851,485 1868,485 1885,473 1918,497 1945,494 1971,475 1988,483 1988,529 1955,528 1934,542 1914,532 1861,536 1842,543 1818,567 1769,547 1755,556 1703,547 1690,559 1682,555 1663,566 1636,543 1608,566 1575,562 1561,551 1529,551 1519,561 1500,554 1455,575 1443,566 1403,567 1387,581 1355,568 1326,578 1308,566 1280,569 1266,559 1250,559 1235,571 1200,562 1180,578 1144,586 1129,574 1064,585 1049,572 1024,567 1001,590 965,607 907,575 880,588 863,582 838,594 802,578 683,582 660,596 625,594 593,610 572,602 549,609 526,589 493,593 482,586 438,586 404,613 384,613 352,591 299,598 290,590 264,590 247,605 221,609 195,590 180,589"/>
            </Shape>
            <String ID="line_2bf8e857-98a9-4bcf-aedf-d9f957d26a0d-dummy-Word" HEIGHT="140" WIDTH="1808" HPOS="180" VPOS="473" CONTENT="en omtrend de stad als men by de eerste aankomst in dezelve had">
              <Shape>
                <Polygon POINTS="180,564 203,564 222,546 238,549 253,536 265,540 272,533 293,544 310,543 340,517 360,524 374,517 504,520 533,513 645,517 653,509 703,517 733,517 743,509 770,516 778,509 807,528 856,508 893,508 906,517 940,501 984,501 1023,528 1073,497 1114,525 1154,521 1172,529 1193,528 1236,493 1257,493 1264,500 1311,493 1382,521 1395,509 1414,508 1448,489 1476,497 1498,488 1526,501 1542,485 1566,482 1589,493 1603,482 1616,493 1650,497 1669,493 1694,474 1736,475 1751,489 1791,473 1834,501 1851,485 1868,485 1885,473 1918,497 1945,494 1971,475 1988,483 1988,529 1955,528 1934,542 1914,532 1861,536 1842,543 1818,567 1769,547 1755,556 1703,547 1690,559 1682,555 1663,566 1636,543 1608,566 1575,562 1561,551 1529,551 1519,561 1500,554 1455,575 1443,566 1403,567 1387,581 1355,568 1326,578 1308,566 1280,569 1266,559 1250,559 1235,571 1200,562 1180,578 1144,586 1129,574 1064,585 1049,572 1024,567 1001,590 965,607 907,575 880,588 863,582 838,594 802,578 683,582 660,596 625,594 593,610 572,602 549,609 526,589 493,593 482,586 438,586 404,613 384,613 352,591 299,598 290,590 264,590 247,605 221,609 195,590 180,589"/>
              </Shape>
            </String>
          </TextLine>
          <TextLine ID="line_35e27079-5312-4282-bf18-bfac3d6c211d" HEIGHT="171" WIDTH="1846" HPOS="174" VPOS="526" STYLEREFS="textstyle-None---sans-serif---proportional---None---None---None">
            <Shape>
              <Polygon POINTS="174,634 194,628 214,608 244,605 264,589 287,604 316,589 347,612 366,601 406,613 438,585 462,595 475,585 504,592 528,588 555,608 569,601 606,613 659,581 677,588 689,580 707,596 730,601 755,581 842,579 852,588 878,589 907,575 928,581 963,608 977,607 1018,577 1036,588 1058,589 1103,573 1131,573 1144,585 1162,577 1174,581 1199,562 1235,571 1262,558 1272,565 1299,561 1328,573 1353,569 1377,576 1403,565 1432,565 1446,573 1455,565 1473,568 1492,557 1530,553 1551,553 1567,565 1579,558 1595,564 1609,550 1619,554 1631,546 1674,560 1701,549 1757,557 1778,548 1802,563 1812,553 1829,556 1862,534 1970,534 1978,526 2020,555 2020,603 1992,619 1983,611 1963,623 1937,608 1917,607 1903,615 1844,611 1802,622 1790,613 1768,623 1755,619 1739,632 1719,630 1708,619 1695,628 1672,623 1664,615 1602,627 1567,619 1556,630 1535,627 1523,639 1509,634 1486,652 1475,645 1464,650 1449,639 1439,647 1426,642 1414,654 1377,643 1321,654 1279,631 1227,646 1199,631 1191,639 1159,635 1138,654 1105,638 1085,646 1068,639 1039,658 1008,646 991,646 983,654 953,650 939,658 928,651 867,678 847,661 813,662 805,670 749,662 740,669 724,654 708,651 661,684 651,677 624,689 588,666 564,661 483,669 476,662 435,658 418,674 383,674 350,691 291,661 260,661 236,670 211,693 197,685 174,697"/>
            </Shape>
            <String ID="line_35e27079-5312-4282-bf18-bfac3d6c211d-dummy-Word" HEIGHT="171" WIDTH="1846" HPOS="174" VPOS="526" CONTENT="gevat; zoo schoon als toch de eerste aanblik was, zoo naar, zoo doodzch">
              <Shape>
                <Polygon POINTS="174,634 194,628 214,608 244,605 264,589 287,604 316,589 347,612 366,601 406,613 438,585 462,595 475,585 504,592 528,588 555,608 569,601 606,613 659,581 677,588 689,580 707,596 730,601 755,581 842,579 852,588 878,589 907,575 928,581 963,608 977,607 1018,577 1036,588 1058,589 1103,573 1131,573 1144,585 1162,577 1174,581 1199,562 1235,571 1262,558 1272,565 1299,561 1328,573 1353,569 1377,576 1403,565 1432,565 1446,573 1455,565 1473,568 1492,557 1530,553 1551,553 1567,565 1579,558 1595,564 1609,550 1619,554 1631,546 1674,560 1701,549 1757,557 1778,548 1802,563 1812,553 1829,556 1862,534 1970,534 1978,526 2020,555 2020,603 1992,619 1983,611 1963,623 1937,608 1917,607 1903,615 1844,611 1802,622 1790,613 1768,623 1755,619 1739,632 1719,630 1708,619 1695,628 1672,623 1664,615 1602,627 1567,619 1556,630 1535,627 1523,639 1509,634 1486,652 1475,645 1464,650 1449,639 1439,647 1426,642 1414,654 1377,643 1321,654 1279,631 1227,646 1199,631 1191,639 1159,635 1138,654 1105,638 1085,646 1068,639 1039,658 1008,646 991,646 983,654 953,650 939,658 928,651 867,678 847,661 813,662 805,670 749,662 740,669 724,654 708,651 661,684 651,677 624,689 588,666 564,661 483,669 476,662 435,658 418,674 383,674 350,691 291,661 260,661 236,670 211,693 197,685 174,697"/>
              </Shape>
            </String>
          </TextLine>
          <TextLine ID="line_533b6aa6-1eb6-4bac-94ac-801d4155cd79" HEIGHT="164" WIDTH="1786" HPOS="165" VPOS="601" STYLEREFS="textstyle-None---sans-serif---proportional---None---None---None">
            <Shape>
              <Polygon POINTS="165,679 185,692 197,684 210,692 248,661 266,676 295,676 302,669 330,685 363,688 383,673 426,677 447,668 478,677 502,664 520,668 544,653 566,668 589,662 623,689 649,676 660,682 677,676 708,652 724,653 739,668 772,660 809,676 831,664 868,679 885,665 904,668 925,653 935,660 946,649 980,656 996,645 1015,660 1034,661 1061,637 1076,651 1095,637 1120,637 1140,653 1162,633 1181,633 1214,653 1232,653 1250,637 1277,645 1309,629 1346,636 1370,657 1390,648 1406,652 1425,636 1476,661 1510,629 1535,625 1565,625 1579,636 1590,625 1618,629 1628,620 1666,616 1674,624 1732,629 1741,636 1758,621 1791,609 1825,626 1845,609 1887,612 1898,601 1936,609 1951,624 1951,671 1943,666 1915,685 1894,677 1862,685 1841,674 1822,674 1807,681 1786,678 1766,693 1746,678 1710,694 1690,686 1674,702 1648,694 1626,705 1610,690 1598,690 1543,741 1522,729 1477,741 1445,713 1436,718 1422,706 1394,706 1382,698 1363,717 1342,714 1334,722 1309,705 1270,714 1259,705 1246,712 1230,706 1206,717 1186,712 1119,731 1106,721 1072,726 1044,745 1002,726 979,745 956,730 903,725 892,736 858,718 840,718 750,735 720,725 694,741 685,733 678,740 649,730 628,734 620,726 583,726 572,733 542,726 534,734 520,730 482,747 446,750 425,765 399,746 378,749 323,730 297,745 288,738 272,749 244,753 224,734 165,750"/>
            </Shape>
            <String ID="line_533b6aa6-1eb6-4bac-94ac-801d4155cd79-dummy-Word" HEIGHT="164" WIDTH="1786" HPOS="165" VPOS="601" CONTENT="stil ziet het er van binnen uit, overal ziet men nog restes van de">
              <Shape>
                <Polygon POINTS="165,679 185,692 197,684 210,692 248,661 266,676 295,676 302,669 330,685 363,688 383,673 426,677 447,668 478,677 502,664 520,668 544,653 566,668 589,662 623,689 649,676 660,682 677,676 708,652 724,653 739,668 772,660 809,676 831,664 868,679 885,665 904,668 925,653 935,660 946,649 980,656 996,645 1015,660 1034,661 1061,637 1076,651 1095,637 1120,637 1140,653 1162,633 1181,633 1214,653 1232,653 1250,637 1277,645 1309,629 1346,636 1370,657 1390,648 1406,652 1425,636 1476,661 1510,629 1535,625 1565,625 1579,636 1590,625 1618,629 1628,620 1666,616 1674,624 1732,629 1741,636 1758,621 1791,609 1825,626 1845,609 1887,612 1898,601 1936,609 1951,624 1951,671 1943,666 1915,685 1894,677 1862,685 1841,674 1822,674 1807,681 1786,678 1766,693 1746,678 1710,694 1690,686 1674,702 1648,694 1626,705 1610,690 1598,690 1543,741 1522,729 1477,741 1445,713 1436,718 1422,706 1394,706 1382,698 1363,717 1342,714 1334,722 1309,705 1270,714 1259,705 1246,712 1230,706 1206,717 1186,712 1119,731 1106,721 1072,726 1044,745 1002,726 979,745 956,730 903,725 892,736 858,718 840,718 750,735 720,725 694,741 685,733 678,740 649,730 628,734 620,726 583,726 572,733 542,726 534,734 520,730 482,747 446,750 425,765 399,746 378,749 323,730 297,745 288,738 272,749 244,753 224,734 165,750"/>
              </Shape>
            </String>
          </TextLine>
          <TextLine ID="bcb607a2-763d-4cb2-9e7d-fc1a971e0b76" HEIGHT="175" WIDTH="1862" HPOS="161" VPOS="671" STYLEREFS="textstyle-None---sans-serif---proportional---None---None---None">
            <Shape>
              <Polygon POINTS="161,766 177,750 219,735 243,754 272,750 289,738 297,745 320,731 370,742 378,750 399,747 424,766 447,750 472,750 542,727 559,734 621,727 628,734 724,742 737,730 750,736 858,719 892,737 903,726 920,726 935,734 955,730 979,746 1002,727 1044,746 1072,727 1105,722 1119,731 1186,713 1206,718 1229,707 1238,713 1255,707 1266,718 1283,707 1299,710 1331,699 1365,711 1384,699 1394,707 1422,707 1437,719 1445,714 1477,741 1490,741 1517,730 1540,738 1602,690 1621,702 1654,707 1690,687 1715,691 1742,679 1768,694 1802,675 1852,675 1865,686 1904,675 1913,683 1940,686 1958,678 1973,683 1997,671 2023,695 2023,743 1992,768 1969,768 1946,780 1921,780 1875,757 1818,780 1755,772 1727,772 1718,780 1690,764 1669,768 1629,796 1590,776 1560,804 1503,764 1491,776 1456,772 1444,784 1420,772 1401,775 1380,787 1358,788 1318,815 1303,807 1231,807 1212,788 1198,787 1170,792 1155,804 1133,796 1115,811 1099,811 1074,795 1051,807 1023,790 1002,808 963,819 925,796 906,807 889,803 877,815 854,800 832,803 816,795 794,811 778,811 770,803 743,812 701,807 684,819 660,812 607,815 582,804 562,823 547,815 492,812 471,819 452,807 423,804 382,823 348,823 316,846 283,846 267,835 252,839 240,831 211,839 195,831 177,843 161,831"/>
            </Shape>
            <String ID="bcb607a2-763d-4cb2-9e7d-fc1a971e0b76-dummy-Word" HEIGHT="175" WIDTH="1862" HPOS="161" VPOS="671" CONTENT="kelegering en het bombardement dat 18 dagen geduurd heeft; de schoonste">
              <Shape>
                <Polygon POINTS="161,766 177,750 219,735 243,754 272,750 289,738 297,745 320,731 370,742 378,750 399,747 424,766 447,750 472,750 542,727 559,734 621,727 628,734 724,742 737,730 750,736 858,719 892,737 903,726 920,726 935,734 955,730 979,746 1002,727 1044,746 1072,727 1105,722 1119,731 1186,713 1206,718 1229,707 1238,713 1255,707 1266,718 1283,707 1299,710 1331,699 1365,711 1384,699 1394,707 1422,707 1437,719 1445,714 1477,741 1490,741 1517,730 1540,738 1602,690 1621,702 1654,707 1690,687 1715,691 1742,679 1768,694 1802,675 1852,675 1865,686 1904,675 1913,683 1940,686 1958,678 1973,683 1997,671 2023,695 2023,743 1992,768 1969,768 1946,780 1921,780 1875,757 1818,780 1755,772 1727,772 1718,780 1690,764 1669,768 1629,796 1590,776 1560,804 1503,764 1491,776 1456,772 1444,784 1420,772 1401,775 1380,787 1358,788 1318,815 1303,807 1231,807 1212,788 1198,787 1170,792 1155,804 1133,796 1115,811 1099,811 1074,795 1051,807 1023,790 1002,808 963,819 925,796 906,807 889,803 877,815 854,800 832,803 816,795 794,811 778,811 770,803 743,812 701,807 684,819 660,812 607,815 582,804 562,823 547,815 492,812 471,819 452,807 423,804 382,823 348,823 316,846 283,846 267,835 252,839 240,831 211,839 195,831 177,843 161,831"/>
              </Shape>
            </String>
          </TextLine>
          <TextLine ID="line_9ca82b71-350e-491e-aa77-21203c851d72" HEIGHT="165" WIDTH="1828" HPOS="161" VPOS="749" STYLEREFS="textstyle-None---sans-serif---proportional---None---None---None">
            <Shape>
              <Polygon POINTS="161,832 183,840 196,828 212,836 242,828 255,839 268,836 292,847 336,836 354,820 388,820 423,804 449,804 473,820 499,812 545,815 562,824 590,804 612,816 666,812 675,804 696,822 711,812 727,815 778,800 789,807 810,796 849,796 881,808 911,804 919,812 937,804 956,815 982,800 988,804 1022,789 1056,792 1064,784 1113,808 1133,796 1154,804 1199,787 1211,788 1231,808 1262,796 1283,812 1305,799 1314,808 1328,807 1357,788 1393,784 1401,776 1417,774 1439,787 1458,772 1488,780 1503,765 1565,804 1595,780 1627,796 1668,768 1685,772 1695,764 1716,780 1747,784 1757,776 1793,780 1809,764 1829,776 1870,749 1914,756 1935,776 1989,770 1986,821 1972,829 1946,822 1912,837 1894,829 1871,849 1860,841 1826,842 1816,833 1781,837 1756,855 1729,833 1716,842 1686,829 1657,850 1636,837 1605,845 1592,837 1543,862 1535,856 1527,861 1498,838 1485,838 1430,873 1414,869 1392,881 1368,877 1337,885 1326,885 1298,858 1258,869 1242,854 1222,853 1210,861 1185,853 1169,865 1160,857 1134,857 1088,893 1066,888 1049,874 1036,882 985,873 959,877 948,888 926,877 894,896 871,885 838,909 803,905 781,887 767,889 745,909 711,893 681,905 667,892 639,889 627,877 595,885 571,873 554,889 540,885 515,897 495,893 470,914 428,885 407,893 370,889 338,904 299,881 255,881 215,905 169,894 161,901"/>
            </Shape>
            <String ID="line_9ca82b71-350e-491e-aa77-21203c851d72-dummy-Word" HEIGHT="165" WIDTH="1828" HPOS="161" VPOS="749" CONTENT="gebouwen, half verwoest zynde, dienen thans tot Caserues, Magazynen,">
              <Shape>
                <Polygon POINTS="161,832 183,840 196,828 212,836 242,828 255,839 268,836 292,847 336,836 354,820 388,820 423,804 449,804 473,820 499,812 545,815 562,824 590,804 612,816 666,812 675,804 696,822 711,812 727,815 778,800 789,807 810,796 849,796 881,808 911,804 919,812 937,804 956,815 982,800 988,804 1022,789 1056,792 1064,784 1113,808 1133,796 1154,804 1199,787 1211,788 1231,808 1262,796 1283,812 1305,799 1314,808 1328,807 1357,788 1393,784 1401,776 1417,774 1439,787 1458,772 1488,780 1503,765 1565,804 1595,780 1627,796 1668,768 1685,772 1695,764 1716,780 1747,784 1757,776 1793,780 1809,764 1829,776 1870,749 1914,756 1935,776 1989,770 1986,821 1972,829 1946,822 1912,837 1894,829 1871,849 1860,841 1826,842 1816,833 1781,837 1756,855 1729,833 1716,842 1686,829 1657,850 1636,837 1605,845 1592,837 1543,862 1535,856 1527,861 1498,838 1485,838 1430,873 1414,869 1392,881 1368,877 1337,885 1326,885 1298,858 1258,869 1242,854 1222,853 1210,861 1185,853 1169,865 1160,857 1134,857 1088,893 1066,888 1049,874 1036,882 985,873 959,877 948,888 926,877 894,896 871,885 838,909 803,905 781,887 767,889 745,909 711,893 681,905 667,892 639,889 627,877 595,885 571,873 554,889 540,885 515,897 495,893 470,914 428,885 407,893 370,889 338,904 299,881 255,881 215,905 169,894 161,901"/>
              </Shape>
            </String>
          </TextLine>
          <TextLine ID="e59607d7-68d5-454d-80ee-fd0e0ad95f27" HEIGHT="189" WIDTH="1820" HPOS="163" VPOS="820" STYLEREFS="textstyle-None---sans-serif---proportional---None---None---None">
            <Shape>
              <Polygon POINTS="163,897 177,895 196,908 229,900 256,880 297,880 325,892 344,911 369,888 406,892 424,883 469,915 496,892 546,891 564,876 604,887 628,875 652,884 663,880 678,895 712,892 721,900 741,888 783,891 803,908 841,887 860,895 873,883 892,895 919,883 944,892 960,876 984,887 1032,860 1068,860 1074,866 1090,857 1097,864 1131,859 1147,868 1162,856 1223,850 1260,868 1283,856 1302,856 1315,867 1343,864 1360,871 1366,865 1392,879 1418,867 1432,872 1445,866 1483,836 1495,836 1514,851 1540,840 1557,852 1595,836 1636,836 1654,850 1694,826 1717,843 1731,832 1752,851 1779,832 1794,839 1818,832 1826,840 1872,847 1893,828 1911,835 1938,820 1983,843 1983,891 1973,901 1953,893 1915,924 1843,897 1826,909 1799,908 1783,897 1743,901 1727,916 1701,901 1693,908 1679,905 1667,916 1634,908 1575,932 1543,909 1528,916 1511,913 1491,925 1457,924 1448,932 1419,924 1408,932 1396,925 1368,937 1349,929 1320,932 1311,924 1292,941 1241,949 1223,965 1193,944 1167,941 1149,956 1126,957 1099,973 1069,961 1044,969 1019,948 1011,952 964,937 925,941 906,953 895,948 872,960 828,949 814,961 792,945 744,945 698,989 676,985 667,993 620,977 585,989 551,961 533,972 518,957 495,969 478,957 453,953 424,969 397,956 353,956 334,960 314,980 293,973 273,980 260,970 252,976 239,968 194,1009 163,1004"/>
            </Shape>
            <String ID="e59607d7-68d5-454d-80ee-fd0e0ad95f27-dummy-Word" HEIGHT="189" WIDTH="1820" HPOS="163" VPOS="820" CONTENT="en voor het talryke Guarnizoen Oostewrykers en Pruissen: het slot of">
              <Shape>
                <Polygon POINTS="163,897 177,895 196,908 229,900 256,880 297,880 325,892 344,911 369,888 406,892 424,883 469,915 496,892 546,891 564,876 604,887 628,875 652,884 663,880 678,895 712,892 721,900 741,888 783,891 803,908 841,887 860,895 873,883 892,895 919,883 944,892 960,876 984,887 1032,860 1068,860 1074,866 1090,857 1097,864 1131,859 1147,868 1162,856 1223,850 1260,868 1283,856 1302,856 1315,867 1343,864 1360,871 1366,865 1392,879 1418,867 1432,872 1445,866 1483,836 1495,836 1514,851 1540,840 1557,852 1595,836 1636,836 1654,850 1694,826 1717,843 1731,832 1752,851 1779,832 1794,839 1818,832 1826,840 1872,847 1893,828 1911,835 1938,820 1983,843 1983,891 1973,901 1953,893 1915,924 1843,897 1826,909 1799,908 1783,897 1743,901 1727,916 1701,901 1693,908 1679,905 1667,916 1634,908 1575,932 1543,909 1528,916 1511,913 1491,925 1457,924 1448,932 1419,924 1408,932 1396,925 1368,937 1349,929 1320,932 1311,924 1292,941 1241,949 1223,965 1193,944 1167,941 1149,956 1126,957 1099,973 1069,961 1044,969 1019,948 1011,952 964,937 925,941 906,953 895,948 872,960 828,949 814,961 792,945 744,945 698,989 676,985 667,993 620,977 585,989 551,961 533,972 518,957 495,969 478,957 453,953 424,969 397,956 353,956 334,960 314,980 293,973 273,980 260,970 252,976 239,968 194,1009 163,1004"/>
              </Shape>
            </String>
          </TextLine>
          <TextLine ID="line_163ae04a-1400-4746-ad0d-b82537cd78ed" HEIGHT="157" WIDTH="1856" HPOS="156" VPOS="900" STYLEREFS="textstyle-None---sans-serif---proportional---None---None---None">
            <Shape>
              <Polygon POINTS="156,1008 196,1008 242,966 282,988 334,972 354,991 383,972 423,976 455,952 477,956 491,968 506,960 558,967 589,991 626,976 657,996 676,988 689,997 745,944 791,944 817,960 843,949 860,959 882,945 908,952 925,940 952,939 963,948 999,943 1012,952 1029,936 1067,937 1083,948 1093,940 1104,948 1116,941 1131,956 1165,944 1225,964 1251,944 1290,943 1310,925 1344,932 1364,920 1397,932 1424,924 1433,932 1456,924 1485,928 1512,913 1539,912 1583,930 1599,916 1614,920 1636,908 1668,916 1679,905 1712,905 1727,916 1752,901 1827,909 1838,900 1868,901 1913,924 1928,920 1948,900 1971,912 1997,908 2012,917 2010,966 1950,966 1902,1006 1875,997 1858,982 1842,981 1807,1001 1763,976 1751,985 1731,974 1714,985 1703,978 1681,989 1636,981 1621,994 1603,990 1577,1009 1563,1009 1533,989 1508,1005 1456,1005 1444,1017 1426,1005 1407,1005 1392,990 1372,990 1357,1005 1349,998 1317,1006 1285,1001 1235,1037 1185,1005 1151,1013 1102,1005 1061,1025 1044,1015 1031,1017 997,1040 971,1015 953,1029 921,1026 897,1048 884,1037 849,1033 841,1025 819,1037 784,1017 770,1029 745,1025 737,1031 712,1018 672,1047 642,1028 621,1029 598,1052 589,1044 571,1045 560,1056 546,1045 535,1049 485,1032 469,1043 453,1037 431,1045 378,1029 362,1029 351,1040 334,1033 325,1041 305,1029 269,1025 232,1037 207,1029 156,1057"/>
            </Shape>
            <String ID="line_163ae04a-1400-4746-ad0d-b82537cd78ed-dummy-Word" HEIGHT="157" WIDTH="1856" HPOS="156" VPOS="900" CONTENT="Taleis van den vorigen Aartebisschop is ook Geheel verwoest: de doodelyke">
              <Shape>
                <Polygon POINTS="156,1008 196,1008 242,966 282,988 334,972 354,991 383,972 423,976 455,952 477,956 491,968 506,960 558,967 589,991 626,976 657,996 676,988 689,997 745,944 791,944 817,960 843,949 860,959 882,945 908,952 925,940 952,939 963,948 999,943 1012,952 1029,936 1067,937 1083,948 1093,940 1104,948 1116,941 1131,956 1165,944 1225,964 1251,944 1290,943 1310,925 1344,932 1364,920 1397,932 1424,924 1433,932 1456,924 1485,928 1512,913 1539,912 1583,930 1599,916 1614,920 1636,908 1668,916 1679,905 1712,905 1727,916 1752,901 1827,909 1838,900 1868,901 1913,924 1928,920 1948,900 1971,912 1997,908 2012,917 2010,966 1950,966 1902,1006 1875,997 1858,982 1842,981 1807,1001 1763,976 1751,985 1731,974 1714,985 1703,978 1681,989 1636,981 1621,994 1603,990 1577,1009 1563,1009 1533,989 1508,1005 1456,1005 1444,1017 1426,1005 1407,1005 1392,990 1372,990 1357,1005 1349,998 1317,1006 1285,1001 1235,1037 1185,1005 1151,1013 1102,1005 1061,1025 1044,1015 1031,1017 997,1040 971,1015 953,1029 921,1026 897,1048 884,1037 849,1033 841,1025 819,1037 784,1017 770,1029 745,1025 737,1031 712,1018 672,1047 642,1028 621,1029 598,1052 589,1044 571,1045 560,1056 546,1045 535,1049 485,1032 469,1043 453,1037 431,1045 378,1029 362,1029 351,1040 334,1033 325,1041 305,1029 269,1025 232,1037 207,1029 156,1057"/>
              </Shape>
            </String>
          </TextLine>
          <TextLine ID="line_39d224ac-dd71-4b4e-b50d-d3f0e158d43a" HEIGHT="182" WIDTH="1842" HPOS="166" VPOS="966" STYLEREFS="textstyle-None---sans-serif---proportional---None---None---None">
            <Shape>
              <Polygon POINTS="166,1053 205,1029 228,1040 265,1025 304,1029 324,1040 336,1032 350,1040 371,1029 379,1037 420,1040 437,1053 482,1032 528,1041 536,1049 551,1045 558,1052 588,1044 599,1052 624,1029 687,1037 719,1023 759,1029 776,1013 791,1021 824,1013 849,1033 884,1037 896,1048 922,1025 970,1015 997,1040 1041,1005 1067,1017 1090,1005 1132,1005 1148,1013 1186,1005 1216,1032 1237,1037 1285,1001 1291,1005 1303,997 1311,1005 1331,1005 1347,997 1357,1005 1372,990 1391,990 1418,1012 1426,1006 1442,1017 1454,1005 1508,1004 1527,989 1575,1009 1603,989 1622,993 1635,981 1680,989 1703,978 1713,985 1731,974 1751,985 1763,977 1807,1001 1841,982 1856,997 1867,989 1892,1005 1902,1005 1950,966 1983,985 1994,977 2008,981 2008,1028 1973,1027 1932,1051 1914,1046 1887,1073 1877,1070 1860,1086 1829,1086 1775,1046 1742,1043 1682,1059 1640,1047 1609,1071 1591,1070 1572,1051 1516,1066 1500,1059 1467,1062 1450,1075 1360,1063 1345,1078 1333,1073 1293,1086 1256,1070 1204,1117 1175,1117 1141,1090 1116,1102 1095,1095 1068,1110 1051,1094 1024,1090 987,1090 965,1102 954,1094 933,1098 904,1086 880,1086 854,1104 849,1099 807,1106 794,1093 735,1094 714,1086 683,1106 674,1101 655,1118 648,1112 625,1125 582,1102 556,1110 536,1097 516,1102 508,1094 480,1102 461,1118 448,1114 422,1126 406,1118 388,1121 366,1102 349,1110 307,1097 274,1110 256,1096 212,1118 180,1148 166,1138"/>
            </Shape>
            <String ID="line_39d224ac-dd71-4b4e-b50d-d3f0e158d43a-dummy-Word" HEIGHT="182" WIDTH="1842" HPOS="166" VPOS="966" CONTENT="stilte, die op de stratenheerscht, treft nog meer als men, zoo als wij, zoo">
              <Shape>
                <Polygon POINTS="166,1053 205,1029 228,1040 265,1025 304,1029 324,1040 336,1032 350,1040 371,1029 379,1037 420,1040 437,1053 482,1032 528,1041 536,1049 551,1045 558,1052 588,1044 599,1052 624,1029 687,1037 719,1023 759,1029 776,1013 791,1021 824,1013 849,1033 884,1037 896,1048 922,1025 970,1015 997,1040 1041,1005 1067,1017 1090,1005 1132,1005 1148,1013 1186,1005 1216,1032 1237,1037 1285,1001 1291,1005 1303,997 1311,1005 1331,1005 1347,997 1357,1005 1372,990 1391,990 1418,1012 1426,1006 1442,1017 1454,1005 1508,1004 1527,989 1575,1009 1603,989 1622,993 1635,981 1680,989 1703,978 1713,985 1731,974 1751,985 1763,977 1807,1001 1841,982 1856,997 1867,989 1892,1005 1902,1005 1950,966 1983,985 1994,977 2008,981 2008,1028 1973,1027 1932,1051 1914,1046 1887,1073 1877,1070 1860,1086 1829,1086 1775,1046 1742,1043 1682,1059 1640,1047 1609,1071 1591,1070 1572,1051 1516,1066 1500,1059 1467,1062 1450,1075 1360,1063 1345,1078 1333,1073 1293,1086 1256,1070 1204,1117 1175,1117 1141,1090 1116,1102 1095,1095 1068,1110 1051,1094 1024,1090 987,1090 965,1102 954,1094 933,1098 904,1086 880,1086 854,1104 849,1099 807,1106 794,1093 735,1094 714,1086 683,1106 674,1101 655,1118 648,1112 625,1125 582,1102 556,1110 536,1097 516,1102 508,1094 480,1102 461,1118 448,1114 422,1126 406,1118 388,1121 366,1102 349,1110 307,1097 274,1110 256,1096 212,1118 180,1148 166,1138"/>
              </Shape>
            </String>
          </TextLine>
          <TextLine ID="b4608f6d-2731-402d-a2f9-5dc0e7bce037" HEIGHT="169" WIDTH="1823" HPOS="167" VPOS="1036" STYLEREFS="textstyle-None---sans-serif---proportional---None---None---None">
            <Shape>
              <Polygon POINTS="167,1145 177,1149 257,1093 275,1109 302,1096 324,1105 368,1104 384,1120 395,1117 420,1128 433,1117 453,1116 473,1099 491,1101 501,1093 517,1101 537,1097 554,1109 597,1093 653,1117 671,1100 681,1105 715,1089 732,1101 748,1088 802,1120 821,1105 839,1104 855,1088 874,1092 893,1084 914,1093 953,1093 992,1118 1024,1089 1069,1116 1102,1096 1108,1101 1135,1088 1169,1116 1204,1117 1256,1069 1281,1065 1303,1081 1320,1070 1335,1080 1361,1061 1411,1068 1422,1076 1429,1069 1453,1073 1468,1060 1493,1061 1508,1053 1551,1060 1570,1049 1592,1071 1613,1073 1625,1061 1645,1060 1656,1051 1678,1060 1711,1045 1726,1049 1765,1041 1797,1053 1840,1089 1864,1084 1914,1044 1929,1052 1956,1036 1984,1060 1990,1057 1988,1106 1973,1102 1941,1130 1906,1113 1889,1122 1873,1117 1849,1129 1839,1126 1806,1158 1789,1157 1774,1142 1724,1141 1704,1123 1692,1134 1664,1125 1649,1138 1632,1124 1606,1142 1585,1139 1543,1166 1466,1130 1436,1130 1381,1179 1358,1173 1316,1142 1305,1146 1287,1138 1280,1145 1269,1138 1209,1142 1194,1157 1176,1153 1145,1173 1136,1165 1111,1166 1101,1157 1084,1166 1067,1162 1029,1189 1006,1181 988,1193 953,1165 918,1165 901,1174 881,1165 856,1182 842,1173 811,1181 798,1170 765,1197 729,1166 695,1162 634,1185 609,1165 589,1174 575,1166 530,1193 515,1181 478,1177 437,1177 422,1189 409,1178 374,1189 352,1173 317,1197 272,1173 225,1205 197,1182 167,1190"/>
            </Shape>
            <String ID="b4608f6d-2731-402d-a2f9-5dc0e7bce037-dummy-Word" HEIGHT="169" WIDTH="1823" HPOS="167" VPOS="1036" CONTENT="een klaps uit het woelige Transfort komt, Aan den Rynkant zyn de">
              <Shape>
                <Polygon POINTS="167,1145 177,1149 257,1093 275,1109 302,1096 324,1105 368,1104 384,1120 395,1117 420,1128 433,1117 453,1116 473,1099 491,1101 501,1093 517,1101 537,1097 554,1109 597,1093 653,1117 671,1100 681,1105 715,1089 732,1101 748,1088 802,1120 821,1105 839,1104 855,1088 874,1092 893,1084 914,1093 953,1093 992,1118 1024,1089 1069,1116 1102,1096 1108,1101 1135,1088 1169,1116 1204,1117 1256,1069 1281,1065 1303,1081 1320,1070 1335,1080 1361,1061 1411,1068 1422,1076 1429,1069 1453,1073 1468,1060 1493,1061 1508,1053 1551,1060 1570,1049 1592,1071 1613,1073 1625,1061 1645,1060 1656,1051 1678,1060 1711,1045 1726,1049 1765,1041 1797,1053 1840,1089 1864,1084 1914,1044 1929,1052 1956,1036 1984,1060 1990,1057 1988,1106 1973,1102 1941,1130 1906,1113 1889,1122 1873,1117 1849,1129 1839,1126 1806,1158 1789,1157 1774,1142 1724,1141 1704,1123 1692,1134 1664,1125 1649,1138 1632,1124 1606,1142 1585,1139 1543,1166 1466,1130 1436,1130 1381,1179 1358,1173 1316,1142 1305,1146 1287,1138 1280,1145 1269,1138 1209,1142 1194,1157 1176,1153 1145,1173 1136,1165 1111,1166 1101,1157 1084,1166 1067,1162 1029,1189 1006,1181 988,1193 953,1165 918,1165 901,1174 881,1165 856,1182 842,1173 811,1181 798,1170 765,1197 729,1166 695,1162 634,1185 609,1165 589,1174 575,1166 530,1193 515,1181 478,1177 437,1177 422,1189 409,1178 374,1189 352,1173 317,1197 272,1173 225,1205 197,1182 167,1190"/>
              </Shape>
            </String>
          </TextLine>
          <TextLine ID="b6ee2737-5b84-42d7-9ac1-f2f55e475904" HEIGHT="172" WIDTH="1814" HPOS="165" VPOS="1104" STYLEREFS="textstyle-None---sans-serif---proportional---None---None---None">
            <Shape>
              <Polygon POINTS="165,1207 182,1218 211,1197 219,1203 262,1199 278,1183 311,1195 354,1173 376,1191 410,1179 419,1187 434,1179 514,1180 525,1191 539,1191 587,1164 606,1164 662,1185 698,1164 721,1183 747,1187 762,1200 775,1192 790,1199 831,1177 854,1185 874,1167 887,1167 898,1178 921,1164 938,1171 954,1167 987,1191 1001,1181 1039,1183 1051,1171 1069,1163 1084,1167 1093,1159 1148,1172 1169,1152 1210,1156 1238,1140 1291,1140 1302,1148 1314,1141 1344,1163 1366,1147 1408,1154 1458,1128 1538,1167 1559,1163 1585,1140 1603,1140 1630,1124 1660,1139 1701,1122 1731,1143 1765,1136 1789,1159 1805,1159 1830,1136 1837,1139 1885,1108 1907,1111 1914,1104 1952,1105 1979,1132 1978,1181 1960,1193 1921,1189 1901,1204 1882,1186 1863,1193 1843,1185 1814,1205 1792,1209 1781,1203 1774,1210 1749,1201 1712,1221 1676,1217 1649,1224 1630,1208 1583,1205 1576,1198 1518,1218 1470,1201 1434,1217 1417,1206 1360,1252 1307,1209 1266,1221 1234,1244 1190,1252 1174,1268 1144,1268 1128,1253 1113,1256 1074,1228 1052,1240 1010,1245 989,1264 934,1236 882,1229 866,1244 825,1236 801,1256 779,1240 768,1245 737,1233 710,1253 694,1244 660,1248 650,1241 617,1256 603,1244 594,1253 555,1253 534,1266 510,1250 497,1263 482,1252 462,1264 439,1244 422,1244 402,1260 381,1249 343,1260 329,1249 305,1252 298,1245 235,1241 189,1276 179,1268 165,1275"/>
            </Shape>
            <String ID="b6ee2737-5b84-42d7-9ac1-f2f55e475904-dummy-Word" HEIGHT="172" WIDTH="1814" HPOS="165" VPOS="1104" CONTENT="gezichten uitmuntend vooral op de schipbrug die mentz met het">
              <Shape>
                <Polygon POINTS="165,1207 182,1218 211,1197 219,1203 262,1199 278,1183 311,1195 354,1173 376,1191 410,1179 419,1187 434,1179 514,1180 525,1191 539,1191 587,1164 606,1164 662,1185 698,1164 721,1183 747,1187 762,1200 775,1192 790,1199 831,1177 854,1185 874,1167 887,1167 898,1178 921,1164 938,1171 954,1167 987,1191 1001,1181 1039,1183 1051,1171 1069,1163 1084,1167 1093,1159 1148,1172 1169,1152 1210,1156 1238,1140 1291,1140 1302,1148 1314,1141 1344,1163 1366,1147 1408,1154 1458,1128 1538,1167 1559,1163 1585,1140 1603,1140 1630,1124 1660,1139 1701,1122 1731,1143 1765,1136 1789,1159 1805,1159 1830,1136 1837,1139 1885,1108 1907,1111 1914,1104 1952,1105 1979,1132 1978,1181 1960,1193 1921,1189 1901,1204 1882,1186 1863,1193 1843,1185 1814,1205 1792,1209 1781,1203 1774,1210 1749,1201 1712,1221 1676,1217 1649,1224 1630,1208 1583,1205 1576,1198 1518,1218 1470,1201 1434,1217 1417,1206 1360,1252 1307,1209 1266,1221 1234,1244 1190,1252 1174,1268 1144,1268 1128,1253 1113,1256 1074,1228 1052,1240 1010,1245 989,1264 934,1236 882,1229 866,1244 825,1236 801,1256 779,1240 768,1245 737,1233 710,1253 694,1244 660,1248 650,1241 617,1256 603,1244 594,1253 555,1253 534,1266 510,1250 497,1263 482,1252 462,1264 439,1244 422,1244 402,1260 381,1249 343,1260 329,1249 305,1252 298,1245 235,1241 189,1276 179,1268 165,1275"/>
              </Shape>
            </String>
          </TextLine>
          <TextLine ID="b17e2f41-cb26-4f28-9ebd-0ebafe852709" HEIGHT="176" WIDTH="1842" HPOS="165" VPOS="1183" STYLEREFS="textstyle-None---sans-serif---proportional---None---None---None">
            <Shape>
              <Polygon POINTS="165,1278 177,1270 191,1275 235,1239 266,1243 281,1258 299,1246 307,1254 330,1249 342,1258 381,1250 396,1262 421,1243 471,1239 494,1262 513,1258 535,1266 543,1259 558,1271 601,1248 619,1255 641,1240 662,1247 694,1242 710,1254 729,1235 757,1235 782,1257 804,1254 830,1231 862,1254 886,1254 911,1238 941,1238 990,1263 1015,1239 1054,1239 1073,1228 1094,1239 1114,1223 1144,1231 1154,1223 1181,1223 1204,1238 1234,1243 1302,1212 1314,1212 1358,1254 1378,1235 1394,1234 1433,1212 1446,1223 1477,1215 1503,1219 1570,1199 1585,1206 1600,1197 1643,1223 1708,1223 1744,1207 1846,1201 1877,1183 1899,1203 1928,1184 1944,1187 1976,1215 2007,1209 2007,1256 1997,1250 1976,1265 1945,1261 1921,1277 1910,1277 1894,1263 1871,1269 1863,1261 1844,1261 1835,1269 1814,1262 1793,1271 1768,1268 1755,1280 1740,1277 1701,1292 1679,1277 1651,1273 1621,1273 1597,1292 1578,1280 1566,1288 1554,1277 1519,1292 1499,1277 1482,1277 1467,1288 1430,1285 1400,1300 1375,1285 1318,1285 1311,1292 1285,1289 1250,1311 1228,1305 1162,1311 1150,1319 1122,1301 1091,1330 1054,1312 1003,1347 989,1343 950,1308 915,1320 899,1305 848,1305 831,1320 810,1308 792,1319 707,1324 699,1331 676,1316 631,1316 620,1308 593,1324 551,1316 485,1359 442,1343 411,1316 398,1316 374,1340 359,1340 344,1351 317,1347 300,1335 283,1346 252,1339 234,1350 219,1335 195,1327 165,1342"/>
            </Shape>
            <String ID="b17e2f41-cb26-4f28-9ebd-0ebafe852709-dummy-Word" HEIGHT="176" WIDTH="1842" HPOS="165" VPOS="1183" CONTENT="stadje Castel, just over dezelve gelegen, verbindt, de woedende stroom">
              <Shape>
                <Polygon POINTS="165,1278 177,1270 191,1275 235,1239 266,1243 281,1258 299,1246 307,1254 330,1249 342,1258 381,1250 396,1262 421,1243 471,1239 494,1262 513,1258 535,1266 543,1259 558,1271 601,1248 619,1255 641,1240 662,1247 694,1242 710,1254 729,1235 757,1235 782,1257 804,1254 830,1231 862,1254 886,1254 911,1238 941,1238 990,1263 1015,1239 1054,1239 1073,1228 1094,1239 1114,1223 1144,1231 1154,1223 1181,1223 1204,1238 1234,1243 1302,1212 1314,1212 1358,1254 1378,1235 1394,1234 1433,1212 1446,1223 1477,1215 1503,1219 1570,1199 1585,1206 1600,1197 1643,1223 1708,1223 1744,1207 1846,1201 1877,1183 1899,1203 1928,1184 1944,1187 1976,1215 2007,1209 2007,1256 1997,1250 1976,1265 1945,1261 1921,1277 1910,1277 1894,1263 1871,1269 1863,1261 1844,1261 1835,1269 1814,1262 1793,1271 1768,1268 1755,1280 1740,1277 1701,1292 1679,1277 1651,1273 1621,1273 1597,1292 1578,1280 1566,1288 1554,1277 1519,1292 1499,1277 1482,1277 1467,1288 1430,1285 1400,1300 1375,1285 1318,1285 1311,1292 1285,1289 1250,1311 1228,1305 1162,1311 1150,1319 1122,1301 1091,1330 1054,1312 1003,1347 989,1343 950,1308 915,1320 899,1305 848,1305 831,1320 810,1308 792,1319 707,1324 699,1331 676,1316 631,1316 620,1308 593,1324 551,1316 485,1359 442,1343 411,1316 398,1316 374,1340 359,1340 344,1351 317,1347 300,1335 283,1346 252,1339 234,1350 219,1335 195,1327 165,1342"/>
              </Shape>
            </String>
          </TextLine>
          <TextLine ID="line_5669b5c2-dc8a-41a0-9aa2-f0b7da76afae" HEIGHT="165" WIDTH="1846" HPOS="165" VPOS="1252" STYLEREFS="textstyle-None---sans-serif---proportional---None---None---None">
            <Shape>
              <Polygon POINTS="165,1340 195,1327 219,1335 235,1351 250,1340 265,1339 274,1347 300,1333 332,1351 375,1339 403,1315 449,1351 485,1363 514,1344 530,1355 576,1324 593,1324 617,1308 627,1315 674,1315 700,1331 707,1324 792,1319 810,1308 830,1320 848,1304 898,1304 918,1320 963,1303 993,1328 1014,1308 1043,1300 1069,1323 1091,1330 1122,1300 1150,1319 1162,1311 1216,1311 1228,1304 1250,1311 1285,1288 1314,1292 1341,1284 1368,1284 1398,1300 1420,1289 1434,1296 1471,1287 1482,1276 1499,1276 1525,1291 1553,1276 1568,1287 1596,1272 1610,1282 1620,1272 1658,1276 1677,1268 1730,1284 1742,1276 1756,1278 1767,1267 1788,1276 1805,1260 1835,1268 1850,1257 1870,1271 1883,1271 1894,1260 1910,1264 1930,1252 1954,1263 1985,1259 2011,1275 2009,1325 1970,1321 1952,1332 1930,1329 1890,1349 1869,1348 1842,1329 1784,1365 1754,1349 1746,1355 1728,1341 1671,1381 1635,1372 1599,1341 1542,1372 1524,1357 1517,1364 1503,1356 1493,1365 1469,1349 1443,1360 1419,1353 1405,1365 1389,1365 1355,1392 1323,1373 1296,1379 1273,1361 1251,1373 1227,1365 1173,1365 1147,1380 1134,1369 1094,1365 1069,1376 1049,1369 1038,1380 1026,1369 999,1380 985,1373 966,1382 944,1373 910,1373 875,1389 847,1377 815,1397 798,1398 786,1392 736,1397 725,1389 690,1387 652,1413 618,1390 602,1397 583,1387 554,1413 534,1417 509,1397 497,1404 449,1388 421,1389 392,1408 377,1394 359,1392 327,1417 314,1417 266,1388 223,1400 165,1381"/>
            </Shape>
            <String ID="line_5669b5c2-dc8a-41a0-9aa2-f0b7da76afae-dummy-Word" HEIGHT="165" WIDTH="1846" HPOS="165" VPOS="1252" CONTENT="doet deeze brug, die op 48 schuiten rust en 620 schreden lang is Bongard">
              <Shape>
                <Polygon POINTS="165,1340 195,1327 219,1335 235,1351 250,1340 265,1339 274,1347 300,1333 332,1351 375,1339 403,1315 449,1351 485,1363 514,1344 530,1355 576,1324 593,1324 617,1308 627,1315 674,1315 700,1331 707,1324 792,1319 810,1308 830,1320 848,1304 898,1304 918,1320 963,1303 993,1328 1014,1308 1043,1300 1069,1323 1091,1330 1122,1300 1150,1319 1162,1311 1216,1311 1228,1304 1250,1311 1285,1288 1314,1292 1341,1284 1368,1284 1398,1300 1420,1289 1434,1296 1471,1287 1482,1276 1499,1276 1525,1291 1553,1276 1568,1287 1596,1272 1610,1282 1620,1272 1658,1276 1677,1268 1730,1284 1742,1276 1756,1278 1767,1267 1788,1276 1805,1260 1835,1268 1850,1257 1870,1271 1883,1271 1894,1260 1910,1264 1930,1252 1954,1263 1985,1259 2011,1275 2009,1325 1970,1321 1952,1332 1930,1329 1890,1349 1869,1348 1842,1329 1784,1365 1754,1349 1746,1355 1728,1341 1671,1381 1635,1372 1599,1341 1542,1372 1524,1357 1517,1364 1503,1356 1493,1365 1469,1349 1443,1360 1419,1353 1405,1365 1389,1365 1355,1392 1323,1373 1296,1379 1273,1361 1251,1373 1227,1365 1173,1365 1147,1380 1134,1369 1094,1365 1069,1376 1049,1369 1038,1380 1026,1369 999,1380 985,1373 966,1382 944,1373 910,1373 875,1389 847,1377 815,1397 798,1398 786,1392 736,1397 725,1389 690,1387 652,1413 618,1390 602,1397 583,1387 554,1413 534,1417 509,1397 497,1404 449,1388 421,1389 392,1408 377,1394 359,1392 327,1417 314,1417 266,1388 223,1400 165,1381"/>
              </Shape>
            </String>
          </TextLine>
          <TextLine ID="d59dd452-87ec-449d-b1aa-c288a7e4ebd1" HEIGHT="164" WIDTH="1823" HPOS="168" VPOS="1330" STYLEREFS="textstyle-None---sans-serif---proportional---None---None---None">
            <Shape>
              <Polygon POINTS="168,1381 222,1400 265,1389 313,1417 326,1417 356,1393 376,1394 392,1408 420,1389 442,1388 476,1401 488,1397 496,1405 509,1397 535,1417 553,1413 582,1387 601,1397 617,1390 651,1413 680,1389 724,1389 734,1397 788,1393 797,1399 814,1397 846,1377 874,1389 909,1373 944,1373 965,1382 985,1373 999,1380 1025,1369 1038,1380 1049,1369 1067,1377 1106,1365 1118,1373 1133,1369 1146,1381 1173,1365 1226,1365 1234,1373 1253,1373 1272,1361 1296,1380 1322,1373 1355,1392 1388,1365 1404,1366 1430,1352 1441,1361 1469,1350 1488,1365 1502,1357 1517,1365 1524,1358 1542,1373 1589,1342 1600,1342 1635,1373 1671,1381 1728,1341 1775,1365 1789,1365 1815,1341 1831,1341 1842,1330 1878,1350 1930,1331 1940,1341 1963,1341 1971,1349 1991,1346 1991,1392 1954,1399 1942,1411 1905,1415 1885,1398 1845,1399 1825,1411 1809,1403 1780,1410 1754,1403 1679,1422 1671,1430 1652,1426 1642,1434 1628,1427 1615,1438 1603,1438 1573,1414 1549,1415 1542,1422 1506,1415 1463,1455 1436,1438 1401,1450 1380,1446 1346,1423 1323,1423 1304,1441 1293,1434 1255,1446 1234,1431 1126,1439 1083,1473 1058,1450 1038,1449 1003,1478 977,1453 944,1449 926,1458 914,1446 902,1446 891,1457 854,1454 846,1446 774,1446 721,1451 703,1462 682,1462 663,1450 625,1450 614,1458 574,1450 553,1462 539,1450 517,1462 449,1454 387,1494 363,1474 352,1475 323,1458 295,1470 274,1454 256,1454 230,1469 218,1458 196,1474 168,1478"/>
            </Shape>
            <String ID="d59dd452-87ec-449d-b1aa-c288a7e4ebd1-dummy-Word" HEIGHT="164" WIDTH="1823" HPOS="168" VPOS="1330" CONTENT="toet haar op 60 schuiten ructten en geeft haar eene lengte van 1400 treden">
              <Shape>
                <Polygon POINTS="168,1381 222,1400 265,1389 313,1417 326,1417 356,1393 376,1394 392,1408 420,1389 442,1388 476,1401 488,1397 496,1405 509,1397 535,1417 553,1413 582,1387 601,1397 617,1390 651,1413 680,1389 724,1389 734,1397 788,1393 797,1399 814,1397 846,1377 874,1389 909,1373 944,1373 965,1382 985,1373 999,1380 1025,1369 1038,1380 1049,1369 1067,1377 1106,1365 1118,1373 1133,1369 1146,1381 1173,1365 1226,1365 1234,1373 1253,1373 1272,1361 1296,1380 1322,1373 1355,1392 1388,1365 1404,1366 1430,1352 1441,1361 1469,1350 1488,1365 1502,1357 1517,1365 1524,1358 1542,1373 1589,1342 1600,1342 1635,1373 1671,1381 1728,1341 1775,1365 1789,1365 1815,1341 1831,1341 1842,1330 1878,1350 1930,1331 1940,1341 1963,1341 1971,1349 1991,1346 1991,1392 1954,1399 1942,1411 1905,1415 1885,1398 1845,1399 1825,1411 1809,1403 1780,1410 1754,1403 1679,1422 1671,1430 1652,1426 1642,1434 1628,1427 1615,1438 1603,1438 1573,1414 1549,1415 1542,1422 1506,1415 1463,1455 1436,1438 1401,1450 1380,1446 1346,1423 1323,1423 1304,1441 1293,1434 1255,1446 1234,1431 1126,1439 1083,1473 1058,1450 1038,1449 1003,1478 977,1453 944,1449 926,1458 914,1446 902,1446 891,1457 854,1454 846,1446 774,1446 721,1451 703,1462 682,1462 663,1450 625,1450 614,1458 574,1450 553,1462 539,1450 517,1462 449,1454 387,1494 363,1474 352,1475 323,1458 295,1470 274,1454 256,1454 230,1469 218,1458 196,1474 168,1478"/>
              </Shape>
            </String>
          </TextLine>
          <TextLine ID="line_6005cf6e-4d97-4296-a06a-756a01836251" HEIGHT="152" WIDTH="1854" HPOS="162" VPOS="1397" STYLEREFS="textstyle-None---sans-serif---proportional---None---None---None">
            <Shape>
              <Polygon POINTS="162,1484 216,1460 232,1468 250,1456 268,1456 292,1469 330,1460 362,1492 374,1485 390,1492 452,1452 464,1452 485,1468 506,1452 532,1464 565,1460 576,1468 592,1452 615,1456 628,1448 637,1455 646,1448 671,1448 705,1468 735,1448 755,1448 763,1456 776,1448 821,1448 875,1460 901,1444 928,1459 940,1448 952,1455 976,1452 1005,1476 1039,1444 1050,1444 1079,1470 1093,1468 1135,1435 1187,1440 1203,1428 1227,1443 1240,1432 1251,1443 1265,1444 1298,1431 1306,1438 1320,1424 1359,1432 1383,1423 1423,1439 1435,1432 1464,1454 1491,1428 1499,1432 1528,1416 1539,1424 1547,1416 1577,1413 1602,1436 1616,1439 1663,1412 1694,1424 1711,1412 1725,1416 1757,1401 1780,1408 1824,1400 1846,1404 1853,1397 1887,1424 1910,1412 1970,1413 1991,1401 2016,1416 2016,1463 1994,1473 1967,1458 1927,1458 1897,1462 1876,1481 1851,1485 1838,1475 1822,1478 1794,1466 1775,1485 1751,1491 1724,1470 1675,1470 1658,1478 1606,1475 1539,1489 1528,1482 1510,1485 1470,1517 1423,1493 1394,1513 1358,1505 1334,1511 1317,1525 1268,1506 1247,1505 1226,1517 1203,1509 1163,1533 1077,1502 1060,1517 1046,1506 991,1518 973,1510 948,1517 881,1510 865,1517 842,1514 829,1525 804,1517 796,1525 746,1517 738,1525 716,1525 699,1541 684,1529 660,1533 623,1520 567,1521 544,1541 529,1529 517,1536 497,1525 482,1537 468,1533 451,1548 440,1540 416,1541 388,1525 367,1525 348,1541 302,1549 270,1525 247,1533 231,1525 211,1540 196,1525 181,1536 172,1529 162,1534"/>
            </Shape>
            <String ID="line_6005cf6e-4d97-4296-a06a-756a01836251-dummy-Word" HEIGHT="152" WIDTH="1854" HPOS="162" VPOS="1397" CONTENT="dus meer dan eens te veel zie 2deel bl. 106) schudt onder de voeten der wan„">
              <Shape>
                <Polygon POINTS="162,1484 216,1460 232,1468 250,1456 268,1456 292,1469 330,1460 362,1492 374,1485 390,1492 452,1452 464,1452 485,1468 506,1452 532,1464 565,1460 576,1468 592,1452 615,1456 628,1448 637,1455 646,1448 671,1448 705,1468 735,1448 755,1448 763,1456 776,1448 821,1448 875,1460 901,1444 928,1459 940,1448 952,1455 976,1452 1005,1476 1039,1444 1050,1444 1079,1470 1093,1468 1135,1435 1187,1440 1203,1428 1227,1443 1240,1432 1251,1443 1265,1444 1298,1431 1306,1438 1320,1424 1359,1432 1383,1423 1423,1439 1435,1432 1464,1454 1491,1428 1499,1432 1528,1416 1539,1424 1547,1416 1577,1413 1602,1436 1616,1439 1663,1412 1694,1424 1711,1412 1725,1416 1757,1401 1780,1408 1824,1400 1846,1404 1853,1397 1887,1424 1910,1412 1970,1413 1991,1401 2016,1416 2016,1463 1994,1473 1967,1458 1927,1458 1897,1462 1876,1481 1851,1485 1838,1475 1822,1478 1794,1466 1775,1485 1751,1491 1724,1470 1675,1470 1658,1478 1606,1475 1539,1489 1528,1482 1510,1485 1470,1517 1423,1493 1394,1513 1358,1505 1334,1511 1317,1525 1268,1506 1247,1505 1226,1517 1203,1509 1163,1533 1077,1502 1060,1517 1046,1506 991,1518 973,1510 948,1517 881,1510 865,1517 842,1514 829,1525 804,1517 796,1525 746,1517 738,1525 716,1525 699,1541 684,1529 660,1533 623,1520 567,1521 544,1541 529,1529 517,1536 497,1525 482,1537 468,1533 451,1548 440,1540 416,1541 388,1525 367,1525 348,1541 302,1549 270,1525 247,1533 231,1525 211,1540 196,1525 181,1536 172,1529 162,1534"/>
              </Shape>
            </String>
          </TextLine>
          <TextLine ID="line_4a666412-62c5-463c-b043-bc1f9d40d1e7" HEIGHT="167" WIDTH="1831" HPOS="169" VPOS="1458" STYLEREFS="textstyle-None---sans-serif---proportional---None---None---None">
            <Shape>
              <Polygon POINTS="169,1527 180,1536 195,1525 210,1540 230,1525 246,1533 269,1525 301,1549 347,1541 366,1525 387,1525 415,1541 439,1540 450,1548 467,1533 481,1537 496,1525 516,1536 528,1529 543,1541 567,1521 597,1533 622,1520 660,1533 683,1529 698,1541 715,1525 737,1525 745,1517 764,1517 772,1525 795,1525 804,1517 820,1525 842,1513 863,1517 880,1509 925,1509 933,1517 972,1509 995,1517 1015,1516 1031,1505 1060,1516 1080,1501 1163,1533 1203,1509 1226,1517 1234,1509 1268,1505 1317,1525 1334,1511 1358,1505 1394,1513 1422,1493 1469,1517 1486,1501 1509,1495 1523,1501 1543,1485 1605,1474 1724,1470 1756,1493 1794,1466 1818,1477 1838,1475 1851,1485 1868,1485 1897,1462 1927,1458 1980,1461 2000,1474 2000,1520 1959,1523 1939,1535 1911,1523 1889,1534 1871,1527 1826,1558 1793,1550 1783,1540 1748,1562 1716,1558 1703,1546 1679,1550 1669,1542 1653,1550 1646,1543 1608,1543 1574,1571 1552,1570 1523,1551 1492,1558 1480,1570 1458,1566 1450,1574 1425,1558 1405,1559 1393,1570 1379,1559 1331,1578 1295,1565 1275,1578 1243,1574 1219,1596 1195,1578 1175,1574 1135,1590 1119,1582 1082,1606 1051,1590 1014,1623 966,1582 942,1601 905,1593 890,1582 862,1582 845,1593 812,1586 785,1598 755,1589 739,1594 730,1587 700,1609 685,1605 667,1614 623,1597 599,1614 589,1606 576,1614 552,1598 485,1606 475,1614 438,1605 412,1613 401,1605 379,1618 361,1614 349,1625 327,1610 309,1614 278,1598 247,1607 238,1598 211,1598 200,1609 189,1605 169,1614"/>
            </Shape>
            <String ID="line_4a666412-62c5-463c-b043-bc1f9d40d1e7-dummy-Word" HEIGHT="167" WIDTH="1831" HPOS="169" VPOS="1458" CONTENT="telaars schudden en het is als of dezelve ieder reis door de kracht">
              <Shape>
                <Polygon POINTS="169,1527 180,1536 195,1525 210,1540 230,1525 246,1533 269,1525 301,1549 347,1541 366,1525 387,1525 415,1541 439,1540 450,1548 467,1533 481,1537 496,1525 516,1536 528,1529 543,1541 567,1521 597,1533 622,1520 660,1533 683,1529 698,1541 715,1525 737,1525 745,1517 764,1517 772,1525 795,1525 804,1517 820,1525 842,1513 863,1517 880,1509 925,1509 933,1517 972,1509 995,1517 1015,1516 1031,1505 1060,1516 1080,1501 1163,1533 1203,1509 1226,1517 1234,1509 1268,1505 1317,1525 1334,1511 1358,1505 1394,1513 1422,1493 1469,1517 1486,1501 1509,1495 1523,1501 1543,1485 1605,1474 1724,1470 1756,1493 1794,1466 1818,1477 1838,1475 1851,1485 1868,1485 1897,1462 1927,1458 1980,1461 2000,1474 2000,1520 1959,1523 1939,1535 1911,1523 1889,1534 1871,1527 1826,1558 1793,1550 1783,1540 1748,1562 1716,1558 1703,1546 1679,1550 1669,1542 1653,1550 1646,1543 1608,1543 1574,1571 1552,1570 1523,1551 1492,1558 1480,1570 1458,1566 1450,1574 1425,1558 1405,1559 1393,1570 1379,1559 1331,1578 1295,1565 1275,1578 1243,1574 1219,1596 1195,1578 1175,1574 1135,1590 1119,1582 1082,1606 1051,1590 1014,1623 966,1582 942,1601 905,1593 890,1582 862,1582 845,1593 812,1586 785,1598 755,1589 739,1594 730,1587 700,1609 685,1605 667,1614 623,1597 599,1614 589,1606 576,1614 552,1598 485,1606 475,1614 438,1605 412,1613 401,1605 379,1618 361,1614 349,1625 327,1610 309,1614 278,1598 247,1607 238,1598 211,1598 200,1609 189,1605 169,1614"/>
              </Shape>
            </String>
          </TextLine>
          <TextLine ID="line_151373a4-1fa1-4200-88ce-15ee8f716213" HEIGHT="175" WIDTH="1831" HPOS="171" VPOS="1524" STYLEREFS="textstyle-None---sans-serif---proportional---None---None---None">
            <Shape>
              <Polygon POINTS="171,1615 212,1599 243,1599 253,1606 269,1595 283,1595 311,1615 345,1599 377,1618 424,1606 476,1615 485,1607 512,1606 529,1591 564,1607 581,1599 602,1614 621,1598 653,1591 729,1587 740,1598 759,1587 775,1599 792,1592 812,1599 829,1583 841,1583 882,1614 893,1614 917,1595 943,1599 975,1579 1002,1579 1032,1609 1046,1595 1064,1587 1077,1590 1093,1575 1113,1575 1133,1591 1153,1577 1161,1583 1180,1574 1216,1594 1237,1575 1258,1582 1293,1566 1310,1574 1338,1565 1348,1575 1389,1579 1405,1567 1449,1571 1512,1552 1532,1571 1547,1564 1556,1571 1572,1555 1600,1544 1638,1544 1664,1555 1689,1541 1715,1559 1746,1563 1781,1542 1821,1561 1875,1524 1900,1530 1908,1524 1941,1551 1960,1556 1981,1540 1997,1553 2002,1549 2002,1596 1993,1605 1963,1609 1949,1603 1908,1621 1878,1605 1849,1616 1813,1606 1789,1621 1777,1612 1764,1617 1743,1609 1704,1641 1653,1616 1629,1626 1610,1617 1584,1617 1572,1629 1548,1621 1457,1621 1442,1629 1392,1629 1341,1656 1323,1641 1312,1648 1288,1637 1268,1649 1249,1635 1205,1668 1179,1649 1137,1656 1120,1641 1066,1645 1053,1657 1022,1648 984,1668 970,1656 956,1660 945,1649 909,1660 872,1653 838,1675 795,1658 781,1668 729,1668 710,1680 677,1668 626,1699 610,1692 605,1697 573,1674 557,1679 530,1660 500,1668 488,1680 453,1676 391,1695 344,1687 306,1664 261,1664 251,1672 206,1679 194,1691 171,1680"/>
            </Shape>
            <String ID="line_151373a4-1fa1-4200-88ce-15ee8f716213-dummy-Word" HEIGHT="175" WIDTH="1831" HPOS="171" VPOS="1524" CONTENT="van 't water bezwyken zal: aan deeze zyde der stad ziet men uitge=">
              <Shape>
                <Polygon POINTS="171,1615 212,1599 243,1599 253,1606 269,1595 283,1595 311,1615 345,1599 377,1618 424,1606 476,1615 485,1607 512,1606 529,1591 564,1607 581,1599 602,1614 621,1598 653,1591 729,1587 740,1598 759,1587 775,1599 792,1592 812,1599 829,1583 841,1583 882,1614 893,1614 917,1595 943,1599 975,1579 1002,1579 1032,1609 1046,1595 1064,1587 1077,1590 1093,1575 1113,1575 1133,1591 1153,1577 1161,1583 1180,1574 1216,1594 1237,1575 1258,1582 1293,1566 1310,1574 1338,1565 1348,1575 1389,1579 1405,1567 1449,1571 1512,1552 1532,1571 1547,1564 1556,1571 1572,1555 1600,1544 1638,1544 1664,1555 1689,1541 1715,1559 1746,1563 1781,1542 1821,1561 1875,1524 1900,1530 1908,1524 1941,1551 1960,1556 1981,1540 1997,1553 2002,1549 2002,1596 1993,1605 1963,1609 1949,1603 1908,1621 1878,1605 1849,1616 1813,1606 1789,1621 1777,1612 1764,1617 1743,1609 1704,1641 1653,1616 1629,1626 1610,1617 1584,1617 1572,1629 1548,1621 1457,1621 1442,1629 1392,1629 1341,1656 1323,1641 1312,1648 1288,1637 1268,1649 1249,1635 1205,1668 1179,1649 1137,1656 1120,1641 1066,1645 1053,1657 1022,1648 984,1668 970,1656 956,1660 945,1649 909,1660 872,1653 838,1675 795,1658 781,1668 729,1668 710,1680 677,1668 626,1699 610,1692 605,1697 573,1674 557,1679 530,1660 500,1668 488,1680 453,1676 391,1695 344,1687 306,1664 261,1664 251,1672 206,1679 194,1691 171,1680"/>
              </Shape>
            </String>
          </TextLine>
          <TextLine ID="line_68d9f842-56c0-46c5-a564-f239f2880fa0" HEIGHT="171" WIDTH="1815" HPOS="166" VPOS="1605" STYLEREFS="textstyle-None---sans-serif---proportional---None---None---None">
            <Shape>
              <Polygon POINTS="166,1695 182,1698 206,1679 243,1678 260,1664 309,1664 343,1687 412,1695 425,1683 445,1684 495,1660 524,1671 544,1667 600,1703 610,1693 625,1699 652,1684 671,1692 685,1679 710,1680 740,1666 784,1667 796,1656 840,1669 883,1652 900,1660 916,1652 940,1675 968,1656 983,1667 992,1660 1004,1663 1020,1648 1052,1659 1067,1644 1120,1640 1137,1655 1169,1647 1205,1667 1240,1640 1251,1650 1272,1648 1288,1636 1312,1647 1321,1640 1342,1655 1362,1640 1388,1640 1406,1625 1469,1628 1485,1621 1497,1628 1506,1621 1547,1621 1554,1628 1583,1624 1599,1640 1609,1636 1633,1644 1647,1632 1664,1644 1673,1636 1704,1640 1750,1612 1768,1617 1782,1609 1794,1616 1818,1605 1846,1616 1871,1605 1888,1620 1924,1612 1950,1620 1962,1608 1981,1617 1981,1665 1957,1689 1927,1678 1900,1691 1891,1686 1882,1693 1872,1686 1853,1694 1819,1693 1800,1709 1781,1694 1742,1682 1728,1682 1706,1701 1676,1702 1668,1695 1633,1713 1598,1690 1560,1686 1532,1709 1506,1693 1468,1702 1397,1701 1357,1717 1348,1709 1327,1712 1314,1701 1296,1710 1228,1702 1216,1714 1202,1706 1183,1706 1169,1716 1118,1710 1075,1718 1028,1750 1013,1740 958,1749 918,1733 901,1740 879,1722 848,1733 825,1756 815,1748 801,1756 766,1748 750,1732 730,1733 715,1748 692,1756 679,1745 666,1749 642,1737 582,1776 553,1753 531,1756 507,1733 484,1741 472,1733 448,1749 420,1737 395,1741 384,1752 359,1737 324,1737 284,1765 271,1764 242,1741 216,1764 208,1758 195,1768 166,1764"/>
            </Shape>
            <String ID="line_68d9f842-56c0-46c5-a564-f239f2880fa0-dummy-Word" HEIGHT="171" WIDTH="1815" HPOS="166" VPOS="1605" CONTENT="heel geene vestingwerken daar Cactel als eene voormuur wordt be">
              <Shape>
                <Polygon POINTS="166,1695 182,1698 206,1679 243,1678 260,1664 309,1664 343,1687 412,1695 425,1683 445,1684 495,1660 524,1671 544,1667 600,1703 610,1693 625,1699 652,1684 671,1692 685,1679 710,1680 740,1666 784,1667 796,1656 840,1669 883,1652 900,1660 916,1652 940,1675 968,1656 983,1667 992,1660 1004,1663 1020,1648 1052,1659 1067,1644 1120,1640 1137,1655 1169,1647 1205,1667 1240,1640 1251,1650 1272,1648 1288,1636 1312,1647 1321,1640 1342,1655 1362,1640 1388,1640 1406,1625 1469,1628 1485,1621 1497,1628 1506,1621 1547,1621 1554,1628 1583,1624 1599,1640 1609,1636 1633,1644 1647,1632 1664,1644 1673,1636 1704,1640 1750,1612 1768,1617 1782,1609 1794,1616 1818,1605 1846,1616 1871,1605 1888,1620 1924,1612 1950,1620 1962,1608 1981,1617 1981,1665 1957,1689 1927,1678 1900,1691 1891,1686 1882,1693 1872,1686 1853,1694 1819,1693 1800,1709 1781,1694 1742,1682 1728,1682 1706,1701 1676,1702 1668,1695 1633,1713 1598,1690 1560,1686 1532,1709 1506,1693 1468,1702 1397,1701 1357,1717 1348,1709 1327,1712 1314,1701 1296,1710 1228,1702 1216,1714 1202,1706 1183,1706 1169,1716 1118,1710 1075,1718 1028,1750 1013,1740 958,1749 918,1733 901,1740 879,1722 848,1733 825,1756 815,1748 801,1756 766,1748 750,1732 730,1733 715,1748 692,1756 679,1745 666,1749 642,1737 582,1776 553,1753 531,1756 507,1733 484,1741 472,1733 448,1749 420,1737 395,1741 384,1752 359,1737 324,1737 284,1765 271,1764 242,1741 216,1764 208,1758 195,1768 166,1764"/>
              </Shape>
            </String>
          </TextLine>
          <TextLine ID="line_60a03f73-35d2-4338-a6b9-8793fcf08f24" HEIGHT="182" WIDTH="1811" HPOS="166" VPOS="1668" STYLEREFS="textstyle-None---sans-serif---proportional---None---None---None">
            <Shape>
              <Polygon POINTS="166,1765 196,1765 205,1757 216,1764 234,1748 284,1765 324,1737 422,1737 448,1749 472,1733 482,1741 507,1733 531,1756 544,1749 582,1776 642,1737 666,1749 679,1745 690,1756 714,1748 730,1733 750,1732 766,1748 797,1756 815,1748 824,1756 848,1733 879,1721 901,1740 916,1732 939,1736 955,1749 1015,1740 1028,1751 1075,1717 1118,1709 1169,1715 1183,1705 1202,1705 1219,1713 1241,1712 1252,1701 1292,1709 1315,1701 1327,1711 1348,1708 1357,1716 1374,1708 1392,1716 1419,1701 1452,1704 1486,1695 1492,1700 1501,1692 1533,1708 1560,1685 1580,1692 1593,1685 1635,1705 1656,1705 1666,1696 1707,1701 1726,1684 1782,1693 1800,1708 1839,1685 1849,1693 1874,1685 1883,1692 1891,1685 1905,1689 1932,1668 1977,1700 1977,1748 1961,1746 1930,1761 1910,1761 1891,1750 1858,1750 1846,1762 1756,1754 1738,1766 1713,1758 1660,1778 1582,1762 1560,1778 1531,1770 1500,1790 1475,1774 1452,1777 1438,1770 1406,1773 1375,1789 1365,1782 1347,1786 1327,1774 1288,1774 1272,1787 1257,1778 1242,1790 1211,1778 1188,1788 1155,1782 1122,1790 1108,1782 1067,1792 1031,1786 1008,1802 987,1790 968,1805 940,1802 931,1810 875,1794 844,1813 821,1810 798,1830 764,1813 753,1821 736,1817 717,1802 698,1813 677,1798 663,1811 654,1805 566,1802 545,1821 532,1823 511,1804 479,1814 434,1806 411,1820 397,1814 344,1845 312,1850 286,1838 271,1848 226,1821 166,1829"/>
            </Shape>
            <String ID="line_60a03f73-35d2-4338-a6b9-8793fcf08f24-dummy-Word" HEIGHT="182" WIDTH="1811" HPOS="166" VPOS="1668" CONTENT="schouwd doch deste meer aan de landzyde en men kan welzien dat">
              <Shape>
                <Polygon POINTS="166,1765 196,1765 205,1757 216,1764 234,1748 284,1765 324,1737 422,1737 448,1749 472,1733 482,1741 507,1733 531,1756 544,1749 582,1776 642,1737 666,1749 679,1745 690,1756 714,1748 730,1733 750,1732 766,1748 797,1756 815,1748 824,1756 848,1733 879,1721 901,1740 916,1732 939,1736 955,1749 1015,1740 1028,1751 1075,1717 1118,1709 1169,1715 1183,1705 1202,1705 1219,1713 1241,1712 1252,1701 1292,1709 1315,1701 1327,1711 1348,1708 1357,1716 1374,1708 1392,1716 1419,1701 1452,1704 1486,1695 1492,1700 1501,1692 1533,1708 1560,1685 1580,1692 1593,1685 1635,1705 1656,1705 1666,1696 1707,1701 1726,1684 1782,1693 1800,1708 1839,1685 1849,1693 1874,1685 1883,1692 1891,1685 1905,1689 1932,1668 1977,1700 1977,1748 1961,1746 1930,1761 1910,1761 1891,1750 1858,1750 1846,1762 1756,1754 1738,1766 1713,1758 1660,1778 1582,1762 1560,1778 1531,1770 1500,1790 1475,1774 1452,1777 1438,1770 1406,1773 1375,1789 1365,1782 1347,1786 1327,1774 1288,1774 1272,1787 1257,1778 1242,1790 1211,1778 1188,1788 1155,1782 1122,1790 1108,1782 1067,1792 1031,1786 1008,1802 987,1790 968,1805 940,1802 931,1810 875,1794 844,1813 821,1810 798,1830 764,1813 753,1821 736,1817 717,1802 698,1813 677,1798 663,1811 654,1805 566,1802 545,1821 532,1823 511,1804 479,1814 434,1806 411,1820 397,1814 344,1845 312,1850 286,1838 271,1848 226,1821 166,1829"/>
              </Shape>
            </String>
          </TextLine>
          <TextLine ID="b0e373e4-7f0d-4bd3-9992-17e578710bbe" HEIGHT="168" WIDTH="1823" HPOS="164" VPOS="1749" STYLEREFS="textstyle-None---sans-serif---proportional---None---None---None">
            <Shape>
              <Polygon POINTS="164,1816 188,1810 216,1824 234,1810 275,1832 323,1824 370,1844 411,1828 439,1805 455,1805 473,1817 485,1805 512,1805 542,1820 564,1805 638,1808 645,1801 679,1801 694,1816 737,1801 758,1816 797,1797 812,1807 834,1798 857,1812 878,1793 923,1809 934,1801 945,1808 1006,1798 1034,1812 1082,1796 1109,1805 1151,1840 1170,1821 1235,1796 1257,1777 1303,1781 1322,1773 1353,1790 1366,1781 1379,1788 1396,1777 1436,1769 1502,1789 1536,1765 1562,1780 1606,1764 1619,1773 1635,1769 1658,1777 1701,1761 1778,1761 1804,1753 1837,1763 1868,1749 1893,1749 1927,1764 1942,1756 1987,1773 1987,1820 1958,1831 1934,1851 1899,1854 1882,1866 1833,1850 1817,1854 1804,1842 1776,1846 1754,1834 1736,1850 1660,1838 1634,1850 1621,1845 1605,1854 1578,1855 1560,1849 1543,1857 1518,1839 1478,1839 1471,1846 1449,1842 1437,1854 1417,1846 1400,1854 1390,1850 1363,1862 1337,1886 1285,1893 1278,1886 1261,1890 1241,1883 1214,1902 1153,1885 1126,1861 1111,1870 1057,1866 1013,1894 982,1893 969,1905 922,1874 857,1882 826,1869 773,1902 722,1870 703,1886 679,1889 652,1886 635,1874 578,1886 542,1878 509,1900 480,1878 469,1878 461,1885 424,1886 411,1897 394,1893 366,1917 339,1898 303,1901 296,1894 273,1909 245,1901 188,1917 176,1907 164,1912"/>
            </Shape>
            <String ID="b0e373e4-7f0d-4bd3-9992-17e578710bbe-dummy-Word" HEIGHT="168" WIDTH="1823" HPOS="164" VPOS="1749" CONTENT="het eene geduchte vesting moet zyn. Professor Lehné, die stok doof is">
              <Shape>
                <Polygon POINTS="164,1816 188,1810 216,1824 234,1810 275,1832 323,1824 370,1844 411,1828 439,1805 455,1805 473,1817 485,1805 512,1805 542,1820 564,1805 638,1808 645,1801 679,1801 694,1816 737,1801 758,1816 797,1797 812,1807 834,1798 857,1812 878,1793 923,1809 934,1801 945,1808 1006,1798 1034,1812 1082,1796 1109,1805 1151,1840 1170,1821 1235,1796 1257,1777 1303,1781 1322,1773 1353,1790 1366,1781 1379,1788 1396,1777 1436,1769 1502,1789 1536,1765 1562,1780 1606,1764 1619,1773 1635,1769 1658,1777 1701,1761 1778,1761 1804,1753 1837,1763 1868,1749 1893,1749 1927,1764 1942,1756 1987,1773 1987,1820 1958,1831 1934,1851 1899,1854 1882,1866 1833,1850 1817,1854 1804,1842 1776,1846 1754,1834 1736,1850 1660,1838 1634,1850 1621,1845 1605,1854 1578,1855 1560,1849 1543,1857 1518,1839 1478,1839 1471,1846 1449,1842 1437,1854 1417,1846 1400,1854 1390,1850 1363,1862 1337,1886 1285,1893 1278,1886 1261,1890 1241,1883 1214,1902 1153,1885 1126,1861 1111,1870 1057,1866 1013,1894 982,1893 969,1905 922,1874 857,1882 826,1869 773,1902 722,1870 703,1886 679,1889 652,1886 635,1874 578,1886 542,1878 509,1900 480,1878 469,1878 461,1885 424,1886 411,1897 394,1893 366,1917 339,1898 303,1901 296,1894 273,1909 245,1901 188,1917 176,1907 164,1912"/>
              </Shape>
            </String>
          </TextLine>
          <TextLine ID="line_9a25b1cf-f460-4e68-af56-8673de653436" HEIGHT="183" WIDTH="1848" HPOS="168" VPOS="1820" STYLEREFS="textstyle-None---sans-serif---proportional---None---None---None">
            <Shape>
              <Polygon POINTS="168,1911 195,1915 230,1887 254,1900 273,1884 302,1899 313,1895 345,1923 370,1915 390,1896 400,1903 412,1895 437,1897 466,1880 511,1892 541,1880 626,1883 638,1876 677,1891 706,1885 723,1872 746,1879 773,1903 821,1871 844,1879 870,1871 904,1880 924,1876 940,1891 972,1903 988,1891 1013,1895 1058,1867 1108,1871 1128,1861 1184,1907 1213,1903 1239,1883 1247,1891 1280,1891 1296,1879 1327,1879 1336,1886 1388,1851 1422,1864 1446,1883 1459,1876 1470,1880 1522,1840 1555,1868 1578,1852 1607,1856 1621,1844 1649,1847 1674,1832 1687,1844 1714,1840 1743,1867 1752,1860 1767,1869 1787,1867 1803,1855 1829,1855 1837,1847 1852,1860 1858,1855 1870,1862 1894,1844 1918,1840 1938,1820 1976,1844 1985,1836 2002,1847 2016,1841 2016,1888 1998,1897 1987,1887 1979,1894 1951,1891 1940,1901 1930,1894 1910,1910 1894,1899 1871,1901 1857,1912 1836,1909 1824,1920 1741,1941 1720,1956 1666,1925 1654,1933 1620,1925 1581,1945 1560,1936 1530,1944 1501,1924 1476,1933 1460,1929 1436,1944 1424,1936 1412,1944 1400,1941 1382,1929 1333,1949 1259,1952 1229,1975 1196,1949 1181,1957 1155,1933 1081,1933 1038,1959 984,1965 968,1960 958,1968 942,1961 914,1968 893,1949 881,1956 863,1949 848,1964 804,1969 773,1996 724,1996 716,1988 694,1992 677,1984 663,1988 629,1962 610,1980 593,1984 580,1976 559,1995 544,1984 501,1980 477,2003 461,1991 409,1978 389,1992 381,1985 370,1993 344,1980 325,1996 315,1987 286,1988 276,1978 257,1988 230,1975 193,1984 182,1973 168,1981"/>
            </Shape>
            <String ID="line_9a25b1cf-f460-4e68-af56-8673de653436-dummy-Word" HEIGHT="183" WIDTH="1848" HPOS="168" VPOS="1820" CONTENT="en dict thans onledig houdt met een groot werk te schryven over">
              <Shape>
                <Polygon POINTS="168,1911 195,1915 230,1887 254,1900 273,1884 302,1899 313,1895 345,1923 370,1915 390,1896 400,1903 412,1895 437,1897 466,1880 511,1892 541,1880 626,1883 638,1876 677,1891 706,1885 723,1872 746,1879 773,1903 821,1871 844,1879 870,1871 904,1880 924,1876 940,1891 972,1903 988,1891 1013,1895 1058,1867 1108,1871 1128,1861 1184,1907 1213,1903 1239,1883 1247,1891 1280,1891 1296,1879 1327,1879 1336,1886 1388,1851 1422,1864 1446,1883 1459,1876 1470,1880 1522,1840 1555,1868 1578,1852 1607,1856 1621,1844 1649,1847 1674,1832 1687,1844 1714,1840 1743,1867 1752,1860 1767,1869 1787,1867 1803,1855 1829,1855 1837,1847 1852,1860 1858,1855 1870,1862 1894,1844 1918,1840 1938,1820 1976,1844 1985,1836 2002,1847 2016,1841 2016,1888 1998,1897 1987,1887 1979,1894 1951,1891 1940,1901 1930,1894 1910,1910 1894,1899 1871,1901 1857,1912 1836,1909 1824,1920 1741,1941 1720,1956 1666,1925 1654,1933 1620,1925 1581,1945 1560,1936 1530,1944 1501,1924 1476,1933 1460,1929 1436,1944 1424,1936 1412,1944 1400,1941 1382,1929 1333,1949 1259,1952 1229,1975 1196,1949 1181,1957 1155,1933 1081,1933 1038,1959 984,1965 968,1960 958,1968 942,1961 914,1968 893,1949 881,1956 863,1949 848,1964 804,1969 773,1996 724,1996 716,1988 694,1992 677,1984 663,1988 629,1962 610,1980 593,1984 580,1976 559,1995 544,1984 501,1980 477,2003 461,1991 409,1978 389,1992 381,1985 370,1993 344,1980 325,1996 315,1987 286,1988 276,1978 257,1988 230,1975 193,1984 182,1973 168,1981"/>
              </Shape>
            </String>
          </TextLine>
          <TextLine ID="line_9a692303-d94a-4a3e-b394-2d4266d9593f" HEIGHT="180" WIDTH="1816" HPOS="164" VPOS="1895" STYLEREFS="textstyle-None---sans-serif---proportional---None---None---None">
            <Shape>
              <Polygon POINTS="164,1982 183,1973 197,1982 217,1966 247,1962 269,1981 278,1978 299,1993 363,1959 373,1966 402,1966 418,1982 439,1982 472,1997 480,1990 508,1989 524,2005 536,1998 544,2006 579,2006 629,1962 678,1994 688,1987 738,1998 811,1946 825,1955 833,1950 847,1962 861,1950 922,1950 949,1966 966,1958 980,1966 1005,1966 1021,1954 1043,1957 1081,1934 1142,1938 1180,1931 1228,1974 1259,1950 1272,1958 1280,1950 1322,1950 1335,1938 1346,1946 1360,1934 1411,1945 1427,1930 1447,1939 1460,1930 1487,1930 1499,1942 1527,1934 1535,1942 1556,1934 1568,1941 1592,1918 1614,1918 1634,1933 1647,1922 1670,1926 1698,1950 1719,1957 1730,1946 1791,1924 1823,1922 1864,1895 1882,1905 1901,1902 1909,1910 1931,1896 1937,1902 1944,1898 1971,1917 1980,1914 1980,1961 1936,1991 1895,1999 1874,1988 1834,2015 1825,2009 1817,2015 1799,2012 1789,2022 1743,2019 1729,2007 1716,2015 1695,2011 1673,2019 1641,1999 1626,2007 1613,1996 1599,2009 1586,1999 1572,2012 1552,1998 1540,2003 1528,1992 1513,1992 1501,2003 1492,1999 1469,2019 1423,2019 1405,2027 1380,2022 1361,2035 1337,2019 1275,2005 1218,2051 1204,2042 1189,2047 1177,2035 1120,2039 1079,2016 1021,2035 998,2022 976,2031 956,2027 944,2039 927,2035 904,2047 894,2039 879,2046 864,2040 847,2051 834,2039 819,2039 804,2054 765,2058 743,2043 721,2050 715,2045 702,2055 667,2043 646,2054 599,2054 585,2062 560,2043 539,2055 509,2051 490,2063 481,2057 453,2062 442,2055 431,2062 412,2055 392,2063 381,2054 362,2062 341,2047 308,2062 269,2063 252,2072 232,2063 210,2075 195,2063 164,2063"/>
            </Shape>
            <String ID="line_9a692303-d94a-4a3e-b394-2d4266d9593f-dummy-Word" HEIGHT="180" WIDTH="1816" HPOS="164" VPOS="1895" CONTENT="de oudheden in de omstreken der Stad gevonden, waarvan wij leeds">
              <Shape>
                <Polygon POINTS="164,1982 183,1973 197,1982 217,1966 247,1962 269,1981 278,1978 299,1993 363,1959 373,1966 402,1966 418,1982 439,1982 472,1997 480,1990 508,1989 524,2005 536,1998 544,2006 579,2006 629,1962 678,1994 688,1987 738,1998 811,1946 825,1955 833,1950 847,1962 861,1950 922,1950 949,1966 966,1958 980,1966 1005,1966 1021,1954 1043,1957 1081,1934 1142,1938 1180,1931 1228,1974 1259,1950 1272,1958 1280,1950 1322,1950 1335,1938 1346,1946 1360,1934 1411,1945 1427,1930 1447,1939 1460,1930 1487,1930 1499,1942 1527,1934 1535,1942 1556,1934 1568,1941 1592,1918 1614,1918 1634,1933 1647,1922 1670,1926 1698,1950 1719,1957 1730,1946 1791,1924 1823,1922 1864,1895 1882,1905 1901,1902 1909,1910 1931,1896 1937,1902 1944,1898 1971,1917 1980,1914 1980,1961 1936,1991 1895,1999 1874,1988 1834,2015 1825,2009 1817,2015 1799,2012 1789,2022 1743,2019 1729,2007 1716,2015 1695,2011 1673,2019 1641,1999 1626,2007 1613,1996 1599,2009 1586,1999 1572,2012 1552,1998 1540,2003 1528,1992 1513,1992 1501,2003 1492,1999 1469,2019 1423,2019 1405,2027 1380,2022 1361,2035 1337,2019 1275,2005 1218,2051 1204,2042 1189,2047 1177,2035 1120,2039 1079,2016 1021,2035 998,2022 976,2031 956,2027 944,2039 927,2035 904,2047 894,2039 879,2046 864,2040 847,2051 834,2039 819,2039 804,2054 765,2058 743,2043 721,2050 715,2045 702,2055 667,2043 646,2054 599,2054 585,2062 560,2043 539,2055 509,2051 490,2063 481,2057 453,2062 442,2055 431,2062 412,2055 392,2063 381,2054 362,2062 341,2047 308,2062 269,2063 252,2072 232,2063 210,2075 195,2063 164,2063"/>
              </Shape>
            </String>
          </TextLine>
          <TextLine ID="a163e252-2541-4ec6-b3e0-bb579a0ee4f7" HEIGHT="217" WIDTH="1880" HPOS="157" VPOS="1956" STYLEREFS="textstyle-None---sans-serif---proportional---None---None---None">
            <Shape>
              <Polygon POINTS="157,2071 176,2063 212,2064 236,2075 251,2064 289,2067 312,2056 326,2067 337,2066 362,2046 395,2060 441,2055 481,2067 505,2052 538,2048 560,2056 586,2048 606,2059 662,2047 710,2059 721,2048 760,2039 777,2055 790,2048 806,2052 822,2040 829,2047 839,2041 856,2056 883,2031 904,2048 926,2036 943,2039 954,2028 977,2035 996,2020 1016,2027 1074,2020 1113,2047 1126,2044 1142,2055 1179,2035 1191,2047 1229,2044 1274,2004 1287,2016 1303,2012 1311,2020 1347,2020 1372,2034 1405,2012 1416,2023 1432,2023 1473,1996 1502,2003 1514,1992 1529,1995 1542,1988 1590,1988 1673,2019 1694,2011 1733,2011 1743,2020 1791,2020 1800,2012 1818,2012 1839,1992 1870,1983 1887,1988 1899,1976 1908,1983 1920,1971 1949,1983 1981,1956 2006,1964 2037,1995 2037,2043 2026,2053 1982,2053 1964,2069 1922,2069 1906,2080 1893,2077 1872,2093 1812,2049 1759,2079 1724,2067 1704,2077 1682,2077 1650,2061 1617,2061 1600,2073 1590,2065 1564,2065 1552,2077 1538,2073 1529,2081 1505,2069 1485,2069 1424,2093 1405,2085 1397,2093 1375,2093 1366,2084 1348,2091 1326,2081 1320,2087 1295,2085 1272,2101 1257,2096 1208,2113 1197,2104 1184,2112 1176,2104 1145,2099 1132,2109 1107,2100 1087,2109 1078,2100 1046,2097 1016,2120 998,2117 988,2125 980,2117 941,2117 922,2133 876,2145 854,2130 837,2137 826,2127 813,2129 782,2157 770,2156 708,2113 697,2121 678,2114 666,2125 623,2125 594,2140 581,2140 568,2128 548,2141 536,2136 493,2148 473,2138 446,2149 398,2145 352,2161 317,2144 262,2173 175,2169 157,2152"/>
            </Shape>
            <String ID="a163e252-2541-4ec6-b3e0-bb579a0ee4f7-dummy-Word" HEIGHT="217" WIDTH="1880" HPOS="157" VPOS="1956" CONTENT="eenige kaarten, rekeningen, en zoo voort, zagen, had de vriendlykheid">
              <Shape>
                <Polygon POINTS="157,2071 176,2063 212,2064 236,2075 251,2064 289,2067 312,2056 326,2067 337,2066 362,2046 395,2060 441,2055 481,2067 505,2052 538,2048 560,2056 586,2048 606,2059 662,2047 710,2059 721,2048 760,2039 777,2055 790,2048 806,2052 822,2040 829,2047 839,2041 856,2056 883,2031 904,2048 926,2036 943,2039 954,2028 977,2035 996,2020 1016,2027 1074,2020 1113,2047 1126,2044 1142,2055 1179,2035 1191,2047 1229,2044 1274,2004 1287,2016 1303,2012 1311,2020 1347,2020 1372,2034 1405,2012 1416,2023 1432,2023 1473,1996 1502,2003 1514,1992 1529,1995 1542,1988 1590,1988 1673,2019 1694,2011 1733,2011 1743,2020 1791,2020 1800,2012 1818,2012 1839,1992 1870,1983 1887,1988 1899,1976 1908,1983 1920,1971 1949,1983 1981,1956 2006,1964 2037,1995 2037,2043 2026,2053 1982,2053 1964,2069 1922,2069 1906,2080 1893,2077 1872,2093 1812,2049 1759,2079 1724,2067 1704,2077 1682,2077 1650,2061 1617,2061 1600,2073 1590,2065 1564,2065 1552,2077 1538,2073 1529,2081 1505,2069 1485,2069 1424,2093 1405,2085 1397,2093 1375,2093 1366,2084 1348,2091 1326,2081 1320,2087 1295,2085 1272,2101 1257,2096 1208,2113 1197,2104 1184,2112 1176,2104 1145,2099 1132,2109 1107,2100 1087,2109 1078,2100 1046,2097 1016,2120 998,2117 988,2125 980,2117 941,2117 922,2133 876,2145 854,2130 837,2137 826,2127 813,2129 782,2157 770,2156 708,2113 697,2121 678,2114 666,2125 623,2125 594,2140 581,2140 568,2128 548,2141 536,2136 493,2148 473,2138 446,2149 398,2145 352,2161 317,2144 262,2173 175,2169 157,2152"/>
              </Shape>
            </String>
          </TextLine>
          <TextLine ID="line_059a9474-d033-4934-bb98-0222a21195ec" HEIGHT="217" WIDTH="1819" HPOS="166" VPOS="2049" STYLEREFS="textstyle-None---sans-serif---proportional---None---None---None">
            <Shape>
              <Polygon POINTS="166,2133 181,2121 196,2125 255,2175 295,2151 303,2157 318,2144 352,2161 398,2145 446,2149 468,2129 516,2147 534,2137 546,2141 566,2128 580,2140 593,2140 627,2124 636,2131 649,2120 667,2125 677,2116 696,2121 708,2113 722,2117 756,2148 783,2157 824,2127 838,2139 856,2131 874,2145 920,2133 940,2117 978,2117 987,2125 1004,2116 1015,2120 1044,2097 1077,2100 1087,2109 1107,2101 1132,2109 1143,2100 1159,2100 1185,2112 1196,2104 1211,2116 1224,2104 1256,2096 1307,2100 1319,2108 1361,2084 1375,2093 1396,2093 1405,2085 1423,2093 1484,2069 1504,2069 1528,2081 1537,2073 1551,2077 1563,2065 1607,2069 1616,2061 1649,2061 1682,2077 1725,2068 1767,2078 1812,2049 1865,2093 1895,2076 1906,2080 1939,2065 1967,2067 1985,2084 1983,2134 1967,2140 1953,2134 1944,2143 1931,2133 1912,2134 1866,2153 1854,2146 1819,2166 1788,2166 1772,2181 1760,2181 1701,2142 1653,2165 1595,2146 1568,2163 1549,2150 1513,2150 1487,2174 1458,2154 1431,2177 1418,2174 1391,2193 1358,2190 1323,2217 1312,2209 1303,2215 1268,2194 1244,2201 1213,2182 1199,2186 1188,2178 1177,2185 1159,2179 1137,2189 1113,2186 1084,2202 1045,2197 1037,2204 1027,2198 1015,2207 996,2198 989,2205 953,2206 945,2198 924,2197 894,2205 876,2193 866,2201 846,2197 832,2205 824,2198 812,2205 796,2202 785,2213 760,2205 732,2213 712,2198 677,2217 628,2213 610,2219 556,2202 509,2222 493,2218 479,2231 443,2236 422,2255 402,2257 342,2237 323,2218 278,2210 247,2223 228,2222 181,2266 166,2253"/>
            </Shape>
            <String ID="line_059a9474-d033-4934-bb98-0222a21195ec-dummy-Word" HEIGHT="217" WIDTH="1819" HPOS="166" VPOS="2049" CONTENT="ons de bibliotheek te zonen waar thans, zoo ik meen, een Lyserin">
              <Shape>
                <Polygon POINTS="166,2133 181,2121 196,2125 255,2175 295,2151 303,2157 318,2144 352,2161 398,2145 446,2149 468,2129 516,2147 534,2137 546,2141 566,2128 580,2140 593,2140 627,2124 636,2131 649,2120 667,2125 677,2116 696,2121 708,2113 722,2117 756,2148 783,2157 824,2127 838,2139 856,2131 874,2145 920,2133 940,2117 978,2117 987,2125 1004,2116 1015,2120 1044,2097 1077,2100 1087,2109 1107,2101 1132,2109 1143,2100 1159,2100 1185,2112 1196,2104 1211,2116 1224,2104 1256,2096 1307,2100 1319,2108 1361,2084 1375,2093 1396,2093 1405,2085 1423,2093 1484,2069 1504,2069 1528,2081 1537,2073 1551,2077 1563,2065 1607,2069 1616,2061 1649,2061 1682,2077 1725,2068 1767,2078 1812,2049 1865,2093 1895,2076 1906,2080 1939,2065 1967,2067 1985,2084 1983,2134 1967,2140 1953,2134 1944,2143 1931,2133 1912,2134 1866,2153 1854,2146 1819,2166 1788,2166 1772,2181 1760,2181 1701,2142 1653,2165 1595,2146 1568,2163 1549,2150 1513,2150 1487,2174 1458,2154 1431,2177 1418,2174 1391,2193 1358,2190 1323,2217 1312,2209 1303,2215 1268,2194 1244,2201 1213,2182 1199,2186 1188,2178 1177,2185 1159,2179 1137,2189 1113,2186 1084,2202 1045,2197 1037,2204 1027,2198 1015,2207 996,2198 989,2205 953,2206 945,2198 924,2197 894,2205 876,2193 866,2201 846,2197 832,2205 824,2198 812,2205 796,2202 785,2213 760,2205 732,2213 712,2198 677,2217 628,2213 610,2219 556,2202 509,2222 493,2218 479,2231 443,2236 422,2255 402,2257 342,2237 323,2218 278,2210 247,2223 228,2222 181,2266 166,2253"/>
              </Shape>
            </String>
          </TextLine>
          <TextLine ID="line_0de4b62b-7d69-4fd9-8280-1be7390950d0" HEIGHT="190" WIDTH="1783" HPOS="165" VPOS="2135" STYLEREFS="textstyle-None---sans-serif---proportional---None---None---None">
            <Shape>
              <Polygon POINTS="165,2236 181,2243 199,2228 246,2215 255,2223 279,2208 298,2208 329,2224 357,2212 385,2222 395,2216 406,2227 434,2228 451,2239 470,2228 477,2235 488,2224 500,2227 511,2216 541,2216 553,2204 599,2215 607,2208 616,2216 644,2212 656,2219 671,2212 694,2227 727,2212 746,2219 766,2212 794,2233 807,2231 840,2200 876,2200 894,2211 914,2207 935,2215 946,2207 955,2215 994,2199 1005,2208 1050,2196 1059,2200 1067,2192 1095,2203 1110,2188 1122,2192 1136,2180 1159,2180 1166,2173 1195,2188 1236,2188 1248,2200 1274,2196 1301,2216 1315,2216 1349,2196 1397,2192 1423,2168 1430,2172 1453,2157 1485,2174 1523,2149 1557,2157 1565,2149 1604,2145 1617,2157 1644,2157 1655,2165 1679,2141 1690,2148 1700,2141 1722,2156 1735,2156 1759,2180 1774,2180 1792,2165 1810,2171 1852,2148 1867,2153 1914,2135 1948,2169 1948,2216 1900,2253 1885,2253 1853,2223 1818,2240 1794,2226 1772,2245 1760,2239 1743,2247 1730,2238 1708,2249 1682,2234 1625,2269 1603,2255 1575,2281 1539,2269 1520,2254 1493,2249 1458,2254 1439,2273 1422,2266 1388,2277 1359,2261 1339,2266 1299,2250 1273,2269 1263,2262 1236,2277 1191,2277 1174,2290 1147,2277 1132,2285 1069,2281 1053,2296 1029,2304 982,2281 911,2277 893,2269 878,2282 816,2285 802,2277 787,2289 762,2283 746,2290 732,2277 715,2277 700,2292 690,2289 647,2308 622,2301 593,2304 562,2285 513,2316 484,2293 468,2293 460,2285 426,2304 405,2304 374,2289 343,2301 282,2289 263,2305 244,2293 201,2325 178,2308 165,2311"/>
            </Shape>
            <String ID="line_0de4b62b-7d69-4fd9-8280-1be7390950d0-dummy-Word" HEIGHT="190" WIDTH="1783" HPOS="165" VPOS="2135" CONTENT="is. Deeze is benevens een klein kabinel van nahuurlyke historie,">
              <Shape>
                <Polygon POINTS="165,2236 181,2243 199,2228 246,2215 255,2223 279,2208 298,2208 329,2224 357,2212 385,2222 395,2216 406,2227 434,2228 451,2239 470,2228 477,2235 488,2224 500,2227 511,2216 541,2216 553,2204 599,2215 607,2208 616,2216 644,2212 656,2219 671,2212 694,2227 727,2212 746,2219 766,2212 794,2233 807,2231 840,2200 876,2200 894,2211 914,2207 935,2215 946,2207 955,2215 994,2199 1005,2208 1050,2196 1059,2200 1067,2192 1095,2203 1110,2188 1122,2192 1136,2180 1159,2180 1166,2173 1195,2188 1236,2188 1248,2200 1274,2196 1301,2216 1315,2216 1349,2196 1397,2192 1423,2168 1430,2172 1453,2157 1485,2174 1523,2149 1557,2157 1565,2149 1604,2145 1617,2157 1644,2157 1655,2165 1679,2141 1690,2148 1700,2141 1722,2156 1735,2156 1759,2180 1774,2180 1792,2165 1810,2171 1852,2148 1867,2153 1914,2135 1948,2169 1948,2216 1900,2253 1885,2253 1853,2223 1818,2240 1794,2226 1772,2245 1760,2239 1743,2247 1730,2238 1708,2249 1682,2234 1625,2269 1603,2255 1575,2281 1539,2269 1520,2254 1493,2249 1458,2254 1439,2273 1422,2266 1388,2277 1359,2261 1339,2266 1299,2250 1273,2269 1263,2262 1236,2277 1191,2277 1174,2290 1147,2277 1132,2285 1069,2281 1053,2296 1029,2304 982,2281 911,2277 893,2269 878,2282 816,2285 802,2277 787,2289 762,2283 746,2290 732,2277 715,2277 700,2292 690,2289 647,2308 622,2301 593,2304 562,2285 513,2316 484,2293 468,2293 460,2285 426,2304 405,2304 374,2289 343,2301 282,2289 263,2305 244,2293 201,2325 178,2308 165,2311"/>
              </Shape>
            </String>
          </TextLine>
          <TextLine ID="d3f7afa0-5e63-4cbe-9c2d-1509ee61e3e0" HEIGHT="160" WIDTH="1847" HPOS="173" VPOS="2228" STYLEREFS="textstyle-None---sans-serif---proportional---None---None---None">
            <Shape>
              <Polygon POINTS="173,2318 183,2311 199,2327 219,2307 259,2288 270,2297 299,2292 316,2307 323,2300 354,2303 374,2287 400,2300 424,2284 442,2294 462,2287 470,2295 483,2292 513,2315 559,2287 571,2287 590,2303 645,2307 690,2288 698,2292 715,2276 728,2276 745,2291 760,2283 790,2291 808,2276 867,2292 894,2268 918,2282 955,2272 966,2283 989,2284 1025,2267 1058,2284 1087,2262 1111,2271 1147,2253 1175,2266 1185,2256 1195,2258 1214,2270 1254,2251 1273,2268 1298,2272 1311,2261 1322,2270 1358,2257 1369,2268 1414,2263 1439,2272 1459,2253 1500,2248 1533,2256 1573,2282 1599,2257 1609,2263 1646,2244 1665,2248 1684,2233 1694,2240 1706,2228 1742,2248 1750,2241 1774,2245 1799,2228 1838,2246 1851,2238 1894,2253 1940,2236 1983,2236 2020,2247 2020,2293 2010,2287 1967,2326 1958,2320 1938,2329 1916,2325 1882,2295 1866,2295 1853,2305 1815,2302 1807,2310 1778,2303 1757,2317 1731,2316 1720,2325 1697,2310 1643,2320 1629,2310 1606,2332 1593,2325 1580,2337 1563,2322 1498,2317 1458,2349 1441,2341 1423,2353 1391,2326 1366,2336 1358,2328 1319,2322 1290,2345 1263,2342 1209,2368 1157,2365 1147,2356 1119,2349 1099,2353 1087,2345 1071,2357 1059,2345 1043,2349 1032,2338 1008,2338 978,2357 941,2361 914,2385 890,2380 852,2349 824,2365 806,2357 780,2368 764,2361 710,2382 684,2369 650,2381 628,2380 603,2361 562,2365 532,2353 506,2368 486,2357 473,2368 417,2361 402,2372 391,2366 379,2373 340,2361 299,2377 253,2373 238,2388 227,2377 199,2376 184,2365 173,2372"/>
            </Shape>
            <String ID="d3f7afa0-5e63-4cbe-9c2d-1509ee61e3e0-dummy-Word" HEIGHT="160" WIDTH="1847" HPOS="173" VPOS="2228" CONTENT="bestaande uit eenige zoogdieren, vogelen en petrefacta, in eenige">
              <Shape>
                <Polygon POINTS="173,2318 183,2311 199,2327 219,2307 259,2288 270,2297 299,2292 316,2307 323,2300 354,2303 374,2287 400,2300 424,2284 442,2294 462,2287 470,2295 483,2292 513,2315 559,2287 571,2287 590,2303 645,2307 690,2288 698,2292 715,2276 728,2276 745,2291 760,2283 790,2291 808,2276 867,2292 894,2268 918,2282 955,2272 966,2283 989,2284 1025,2267 1058,2284 1087,2262 1111,2271 1147,2253 1175,2266 1185,2256 1195,2258 1214,2270 1254,2251 1273,2268 1298,2272 1311,2261 1322,2270 1358,2257 1369,2268 1414,2263 1439,2272 1459,2253 1500,2248 1533,2256 1573,2282 1599,2257 1609,2263 1646,2244 1665,2248 1684,2233 1694,2240 1706,2228 1742,2248 1750,2241 1774,2245 1799,2228 1838,2246 1851,2238 1894,2253 1940,2236 1983,2236 2020,2247 2020,2293 2010,2287 1967,2326 1958,2320 1938,2329 1916,2325 1882,2295 1866,2295 1853,2305 1815,2302 1807,2310 1778,2303 1757,2317 1731,2316 1720,2325 1697,2310 1643,2320 1629,2310 1606,2332 1593,2325 1580,2337 1563,2322 1498,2317 1458,2349 1441,2341 1423,2353 1391,2326 1366,2336 1358,2328 1319,2322 1290,2345 1263,2342 1209,2368 1157,2365 1147,2356 1119,2349 1099,2353 1087,2345 1071,2357 1059,2345 1043,2349 1032,2338 1008,2338 978,2357 941,2361 914,2385 890,2380 852,2349 824,2365 806,2357 780,2368 764,2361 710,2382 684,2369 650,2381 628,2380 603,2361 562,2365 532,2353 506,2368 486,2357 473,2368 417,2361 402,2372 391,2366 379,2373 340,2361 299,2377 253,2373 238,2388 227,2377 199,2376 184,2365 173,2372"/>
              </Shape>
            </String>
          </TextLine>
          <TextLine ID="bd5f2b01-5633-46fd-91fd-0a11b0ee37c0" HEIGHT="191" WIDTH="1723" HPOS="172" VPOS="2296" STYLEREFS="textstyle-None---sans-serif---proportional---None---None---None">
            <Shape>
              <Polygon POINTS="172,2366 186,2359 209,2378 241,2386 274,2371 286,2375 342,2359 384,2362 396,2374 410,2363 439,2362 469,2365 485,2375 520,2355 536,2355 544,2362 553,2358 575,2378 605,2362 628,2382 674,2366 709,2384 738,2367 782,2367 803,2355 826,2363 841,2351 863,2359 886,2382 914,2386 982,2343 1000,2347 1015,2335 1051,2339 1071,2359 1092,2343 1134,2363 1145,2355 1156,2366 1214,2367 1260,2343 1291,2347 1308,2331 1326,2327 1365,2335 1393,2327 1422,2353 1440,2339 1457,2350 1498,2316 1505,2323 1520,2316 1542,2319 1562,2339 1599,2312 1633,2311 1658,2320 1689,2308 1714,2327 1733,2312 1756,2319 1777,2304 1807,2311 1815,2303 1871,2296 1895,2320 1895,2367 1866,2389 1841,2389 1804,2420 1769,2412 1737,2388 1727,2392 1713,2383 1683,2405 1664,2397 1641,2401 1616,2389 1596,2405 1561,2396 1530,2404 1520,2394 1505,2404 1481,2405 1433,2439 1420,2428 1403,2440 1376,2428 1303,2428 1282,2416 1255,2416 1242,2404 1198,2424 1175,2416 1145,2426 1117,2412 1091,2413 1044,2444 1023,2443 989,2455 977,2451 962,2463 948,2453 930,2463 913,2455 901,2467 878,2471 864,2461 810,2479 778,2469 770,2476 758,2470 746,2479 726,2479 687,2456 673,2463 657,2460 643,2471 616,2471 535,2432 523,2439 509,2436 484,2451 470,2444 431,2471 391,2459 349,2486 334,2479 322,2487 295,2471 278,2479 270,2471 242,2471 231,2460 205,2464 190,2479 172,2478"/>
            </Shape>
            <String ID="bd5f2b01-5633-46fd-91fd-0a11b0ee37c0-dummy-Word" HEIGHT="191" WIDTH="1723" HPOS="172" VPOS="2296" CONTENT="vertrekken uitgesteldt, terwyl men in een klein kamertje de">
              <Shape>
                <Polygon POINTS="172,2366 186,2359 209,2378 241,2386 274,2371 286,2375 342,2359 384,2362 396,2374 410,2363 439,2362 469,2365 485,2375 520,2355 536,2355 544,2362 553,2358 575,2378 605,2362 628,2382 674,2366 709,2384 738,2367 782,2367 803,2355 826,2363 841,2351 863,2359 886,2382 914,2386 982,2343 1000,2347 1015,2335 1051,2339 1071,2359 1092,2343 1134,2363 1145,2355 1156,2366 1214,2367 1260,2343 1291,2347 1308,2331 1326,2327 1365,2335 1393,2327 1422,2353 1440,2339 1457,2350 1498,2316 1505,2323 1520,2316 1542,2319 1562,2339 1599,2312 1633,2311 1658,2320 1689,2308 1714,2327 1733,2312 1756,2319 1777,2304 1807,2311 1815,2303 1871,2296 1895,2320 1895,2367 1866,2389 1841,2389 1804,2420 1769,2412 1737,2388 1727,2392 1713,2383 1683,2405 1664,2397 1641,2401 1616,2389 1596,2405 1561,2396 1530,2404 1520,2394 1505,2404 1481,2405 1433,2439 1420,2428 1403,2440 1376,2428 1303,2428 1282,2416 1255,2416 1242,2404 1198,2424 1175,2416 1145,2426 1117,2412 1091,2413 1044,2444 1023,2443 989,2455 977,2451 962,2463 948,2453 930,2463 913,2455 901,2467 878,2471 864,2461 810,2479 778,2469 770,2476 758,2470 746,2479 726,2479 687,2456 673,2463 657,2460 643,2471 616,2471 535,2432 523,2439 509,2436 484,2451 470,2444 431,2471 391,2459 349,2486 334,2479 322,2487 295,2471 278,2479 270,2471 242,2471 231,2460 205,2464 190,2479 172,2478"/>
              </Shape>
            </String>
          </TextLine>
        </TextBlock>
      </PrintSpace>
    </Page>
  </Layout>
</alto>
