2083 2540
204 71 1765 142 maken, daar men thans de instrumenten niet meer kende waarmede

199 180 1780 110 zoo iets gemaakt wierdt: op een dezer Sarcophagen toch is eene groep

199 239 1814 106 waarvan eenige personen de armen Kruissen en over elkanderen hon„

202 296 1811 117 den waardoor drie hants reliefs boven elkander ontstaan zynde dit alle

201 352 1794 125 een stuk marmor gemaakt. Eindelyk trof my in de tiende of laatste

200 411 1792 129 aal een Demosthenes wiens diepdenkend gelaat uitmuntend was t

204 476 1804 145 ne gesluierde dame door wier voile men de trekken van het wezen men

204 552 1760 121 naauwernood ontdekte. zoo waren wy aan het einde gekomen en

200 613 1806 129 varen opgetogen van het Geen wy gezien hadden, doch onze geleider

203 684 1810 126 klein koddig kereltje geraakte geheel in vuur by ieder stuk dat

208 754 1807 133 ons expliceerde het was steeds of er geen voortreflyker stuk in de

189 815 1837 144 vereld was en toch eindigde hy zyn verslag altoos met de woorden

184 887 1789 128 over dies alles ist noch gaenichts wenn ick die ehre have iknen

182 954 1836 142 volgendes zu zeichen: dit herhaalde hy ieder reis zoodat wy begrepen

181 1024 1817 134 dat wy by het minste begonnen waren en zoo gradatin tot het voor=

182 1103 1796 134 neflykste gebragt wierden. — De verzameling van porceleinen is

183 1164 1813 142 ook eenigsints op die voet geschoeit daarwy in in de eerste zaal de

183 1239 1819 139 uwe en allereerste proeven zagen die Boetscher genomen had, deeze

1024 1334 139 55 vervolg

176 1317 1818 132 wierden allengskens volmaakter en zoo toonde men ons dene menigte

178 1385 1809 145 stukken uit de Meissher fabriek by de aanvang van de vorige Eeuw ge

184 1460 1770 154 maakt, hierop volgde eene lange dubbelde zy van levensgroote

176 1538 1824 138 bevoetige diezen waaronder eene leeuwen, een veerliz deeze waren even

181 1612 1795 131 als de vogels zeer natuarlyk geschilderd en geheel van porcelein, onder de

183 1684 1767 126 aatste soort waren 2 paauwen niet uitgespreide staarten. Nu bragt

182 1760 1780 127 ne ons in eenige zalen stoppend vol met allerhand Iapansch, Hetru

177 1841 1811 119 risch en Chinees porcelein meest door de Hollandsche compagnie over

175 1906 1799 123 gebragt hieronder waren zeer groote stellen: Onder de menigte alle¬

173 1975 1801 133 lusste viscuit beeldjes, waaronder veele copieen van de zoo even te

176 2046 1788 118 voren gec antiquen, hier waren ook uitmunrende groepen waa=

180 2115 1804 114 van eene 3000 Thaler en eene andere de kruisiging van Christus voor

173 2182 1825 129 stellende 4000 Thaler gekost had, beide stukken waren even als al het ooe

168 2249 1786 133 rige biscuit te meissen gemaakt, van het laatste stuk was eene copie

170 2323 1774 120 naar Albani in Italieen gezonden; het ensemble was zeer goed de emert

172 2396 1817 138 op het gelaat van Christus, de droefheid op dat van Maria & van de overige

1914 72 76 86 108
