2083 2540
164 41 1872 171 huwlykt vier uit de burger en vier uit de militaire staad: voor een oogenblik

165 128 1866 162 woorden wy deeze plegtigheid by om ons vandaar naar het Koninglyke

164 191 1838 157 slot te begeven. Een gedeelte daarvan is nog juat zoo gelaten als het by

159 259 1829 151 den dood van den groote Frits was, men zich er nog zyne schryftavels,

155 322 1843 155 waarvan het fluweel vrij wat met lak, was en inkt vemoact was,

159 386 1839 167 en waaruit de franschen bij hun vertrek een stuk hadden uitge

155 457 1851 183 sneden en medegenomen. In zyne bibliotheek zagen wy weinig Duit„

152 527 1876 173 sche meest Fransche werken waaronder die van Voltaire, alle waren

154 594 1870 179 in rood marcquen ingebonden, hier was te voren de degen van den ko„

151 675 1803 184 ning ook geweest doch almede door de Franschen medegevoerd

1012 778 109 55 as deeze

156 738 1882 179 en by de teruggave der stukken en Parys niet te vinden. Hiernaast

152 834 1824 157 is een vertrek waar hy dikwyls alleen spysde wanneer hy werkte

153 897 1831 172 en geene bedienden wilde hebben; door aan een veerte drukken

169 976 1823 170 zonk het middelde dertavel door de zoldering na beneden &

166 1064 1798 160 werd dan met spip voorzien weder opgezonden. Door eene groote

165 1117 1848 163 zaal, geheel van marmor, gaande komt men in de apartementen

165 1200 1781 157 van den tegenswoordigen Koning welke met de vorigen een groot

163 1275 1834 163 Contract opleveren; zoo eenvoudig toch als die waren zoo ryk en

158 1342 1828 159 kostbaar waren deze gemenbileerd. Hier zagen wy eene kunstige

158 1421 1861 175 secretaire met een aantal veeren voorzien die door het openen van

161 1500 1826 163 één slot verscheiden deurtjes, laaden enz net geweld died open=

164 1571 1891 165 springen. Hiernaast is het vertrek vóór onze koningen en het kleine

162 1644 1876 184 Princesje, gedurende haar verblyf alhier, in gereedheid gebragt me¬

162 1724 1871 157 de zeer eenvoudig: in eene groote zaal vindt men het schildery van de

168 1792 1850 151 laatste resue door Koning Frederik de H gehouden, waarna, zoo ik

166 1861 1870 183 meen, de bekende plaat gegraveerd is: hier worden ook de vaandels

169 1940 1868 151 trommels enz van de lyfgarde bewaard, die, wanneer zy gebruikt wor=

180 2013 1814 156 den, altijd van hier worden gehaald. In de vertrekken van de overledene

176 2089 1855 158 koningen vonden wy het bed waarop zy stierf, haar zeer gelykend pouc„

173 2166 1853 172 trait, en buste, en haare kleine doch nette bibliotheek. — De omtrek

186 2254 1790 143 van Polsdam pronkt nog met verscheidene paleizen als daar zyn

183 2324 1876 146 Tans-Souci en het Neue Palais door den Grooten Frederik, het Mamor
