2083 2540
152 88 1844 174 gedurende het beleg van 1814 aangezigte verwoestingen zagen van

149 195 1826 110 verbrande twinhuize tuin- en andere huizen in de nabyheid van

148 261 1849 123 de stad. — voor negen Guldens namen wij hier een ryting tot Zwol aan

147 333 1863 114 daarmede wy om 12 uur Deventer verlieten: de weg, die gestadig langs

148 400 1838 109 ten Gesel liep, leverde nu en dan een schoon gezigt op en ras bereikten

158 462 1818 112 wy het dorpje Olet waar wy ons een oogenblik opheelden om verder naar

150 531 1854 107 byke te gaan hier is een zeer grote lindeboom vlak voor de herberg men

152 590 1820 109 an dezelve onder zyn vieren ter naauwennood omvademen, van binnen

159 654 1826 111 dezelve geheel hol, verscheiden personen kunnen te gelyk in dezelve

147 724 1859 102 a en het daglicht valt er van boven in; na verder winderheimd gepas„

148 777 1803 124 eerd te zyn kwamen wy om 6 uur en Zwol aan en stapten af en het

148 851 1856 115 logement het hof van Holland waar wy by Favre zeer goed geweest

146 919 1788 123 zyn: zeer toevallig was men my hier dezelfde kamer aan die ik

147 987 1866 117 op de dag af een jaar geleden ook betrokken toen ik uit Holland komen

145 1060 1806 118 te hier eene nagt doorbragt. — Door een der steren Eekhouts op de

144 1129 1835 135 societeit geintroduceerd bragten wy het overige van den avond daar

145 1206 1876 134 toor en vonden er verscheidene kennissen waarna wy met genoemde

143 1288 1383 136 teren gingen soupecrten en ons zeer goed annxeerden.

143 1319 1854 170 Des anderen daags verlieten wij Zwolle eerst om 9 uur, daar wy toch

144 1443 1817 109 wee dagen over de reis naar Groningen dagten toe te brengen, en

147 1504 1877 115 namen in plaats van de gewone weg over Meppelt die over Steenwyk

148 1569 1870 105 vaar sommige onzer te voren niet geweest waren: langs het zoogenaamde

144 1636 1813 113 waste water zydende wierden wy te Hasselt, een klein sedert het

142 1702 1756 117 orige jaar uitmuntend geplaverd stadje, over hetzelve gezet en

141 1763 1803 131 wamen doen bilangs de anderre eene vry steenachtige weg

145 1833 1816 145 e Zwarteleus waarwij ons slechts een oogenblik ophielden: steen

138 1915 1847 125 wyk gepasseerd zijnde, waar wy over wannipier veen gekomen waren,

137 1975 1889 143 reden wij terstond door na de Bult de buitenplaats van de Hr: van der

134 2046 1853 156 toop waar wy een kopje thee gebruikten, wy von den hier den Hoog

136 2125 1849 146 eezaar Thuessink en Mevrouw die onlangs van Transfort waren

135 2198 1861 153 gekomen en van wien wy aan den Ryn nu en dan nog wel eens ge

138 2294 1858 141 hoord hadden; met genoegen bragten wy hier een paar uur door

1905 90 98 95 194
