2083 2540
204 76 1831 127 dat ons zulks is mis gelopen omdat ik gaar weten wilde of het ouze

198 153 1840 136 op dezelfde wyze als dit was ingerigt, dan er was geene mogelykheid

202 226 1775 99 op met groot genoegen zag ik echter het blinden instituut onder

203 282 1841 99 directie van Prof:rs Zenne. Dit institunt is blykens het gedrukt berigt

198 340 1828 104 dienaangaande ons door den Director medegegeven in den some

193 406 1804 130 van 1806 opgerigt geworden zedert dien tyd hebben 46 Kinderen

203 473 1782 131 in de onder le vermeldene vakken onderrigt bekomen zynde er

201 538 1853 148 thans nog 2o waarvan wy 12 zagen. Zy worden namelyk in lichaam

203 610 1807 147 oeffeningen, handwerken, muryk, lezen, schryven, rekenen, in de Glo=

201 682 1827 150 metzie, in de aardrykskunde, in de Natuurlyke en Algemeene geschie„

196 751 1827 167 denis, in de spraakkunst en eindelyk in de Godsdienst onderwe„

194 817 1806 162 zen, zeer net zyn de handwerken door de meisjes gemaakt zoo

194 894 1803 167 van borduursels als van vrijdewerk, wij zagen er loch beursjes

193 974 1815 167 horologie bandjes met zeer fyne kraaltjes gewerkt, dit een en an

193 1038 1834 160 der wierd de vreemdelingen te koop aangeboden, zommigen waren

189 1108 1831 164 ook ver in de muzyk gevorderd, de jongens op de viool en de meis=

193 1190 1803 177 jes op de pians en de harp doch dit alles uit het hoofd want

190 1252 1842 179 men had geen muzyk dat verhieven gedrukt was 't geen met de

188 1331 1785 176 boeken, waarin zy op het gevoel vlot lazen, het geval was;

194 1404 1840 196 tot het schryven hebben zij kleine Kasjes waaronder zy het pa¬

196 1494 1838 191 pier leggen en waarover in het dwars draden gespannen zyn

189 1567 1741 183 om het scheef schryven voor te komen, inplaats van inkt

196 1644 1731 192 hetgeen te veel zoude vlakken gebruiken zy yzeren griffen

195 1720 1832 196 waarmede zy op zwart papier schryven hetgeen de letters dan

196 1798 1776 198 op een daaronder liggend wit papier afdrukt: tot het rekenen

201 1894 1749 187 zyn kleine taveltjes met op draden verschuifbaae valletjes om

199 1994 1806 167 hun eerst een algemeen begrip van de getallen te geven; zommi„

204 2072 1801 175 ge hebben het in het rekenen zier ver gebragt: door een der meest

207 2152 1748 184 gevorderden hoorden en zagen wij het Theorema Sijthagorieum

214 2246 1678 175 zeer duidelyk en klaar uitleggen, ook hier waren de lijnen
