2083 2540
1921 69 104 75 120

224 89 1796 138 den zevenjarigen oorlog zoo veroemd gewordene plaatsen; met leedwezen verlie„

225 185 1807 100 wy dus deeze waarlyk verruklyke ps hoogte, dan de tyd drongons, wy moeeten

228 234 1757 107 haasten ten einde nog dien avond te Lohmen te komen. Piluitz verlatende

236 284 1700 124 d men eerst door eene schoone laan van wilde Kastanje bomen welke

239 324 1789 144 en kort daarna met eene slegte zandige soms steenachtige weg verwisseld:

239 398 1711 136 a dit de gewone weg is geloof ik nooit, althans wij kwamen weldra

233 458 1745 147 or een gesloten poort welke wy men ons toch gelukkig opende, passeerde.

220 518 1751 161 aarop een groot plein als voor een buitengoed, en reden aan de andere

215 581 1729 172 de wederdoor eene poort, met dat al berechten wy on 5½ uur de

206 646 1757 172 rundmichle: van hier lieten wy de wagen langs eenen groten omweg

210 723 1793 151 daar tohmen gaan en wandelden zelve derwaarts vergezeld van eenen

207 790 1800 160 goedergeds wij verkozen deeze anderhalf uur te voet afteleggen wijl het

208 864 1817 149 schoone der Taksische Schweits, welke landstreek om deszelfs groote over

205 934 1807 135 eenkomst met Zwitserland aldus genoemd wordt, reeds hier een aan„

201 994 1758 162 vangneemt. Eenige tyd langs de snelvlietende wessnits, die zich als

204 1065 1772 157 met geweld tusschen twee hooge totsen eenen weg baard, wandelende

200 1120 1835 167 kwamen wy aan eenige steengroeven, waar ons onze gids omtrendt het

198 1196 1843 163 bedelen dier groote molendeenen het een en ander beduidde, passeerden

201 1261 1833 170 daarop het dorpje Liebethal, het welk boven op eene rots ligt, en beste=

212 1344 1742 162 gen dezelve toen langs een zeer steel en moeilyk pad dwars door

200 1397 1801 191 struiken en boomen: dan hoe verwondert waren wy ons hier op eene

197 1470 1846 197 uitgestrekte werde te bevinden! Steeds in de rigting van het ziviertje,

199 1542 1821 173 dat van tyd tot tyd over steenen aartige watervalletjes formeerde,

198 1618 1830 197 voortgaande en dat wy nu in eene groote diepte onder ons zagen,

201 1699 1751 184 voortgaande, daalden wy by Mulksdorf weder van de roto af

199 1748 1862 202 gingen by een molen over eene smalle bang de Wessuits over en beste

202 1839 1820 185 gen toen de andere hooge rotzige oie oever langs 163 trappen in de

198 1917 1792 205 zelve uitgehouwen: hier een weinig iitrustende om al het schoone

201 2001 1832 179 op ons gemak te kunnen zien wandelden wi kort daarna verder opge¬

199 2074 1795 175 togen van de uitmuntende gezichten die men naar alle kan ton

194 2141 1780 192 geniet. Te Lohmen, alwaar wy om half acht aankwame, en besloten

195 2235 1786 175 de nacht over te blyven, deden wy nog eene wandeling en de zooge

204 2306 1863 175 naamde Engelsche hin, waar men op de uwe rols eenige bomen geplant
