2083 2540
147 67 1740 172 en reden toen over Nyenslyk, westerbeeksloot ('t geen en Vriesland legt

144 184 1835 129 ledder en Diever na Dieverderbrug waarwy om guur en donkeren arri„

143 254 1829 128 eerden na herhaalde reizen naar de weg gevraagd te hebben: de post„

138 326 1829 143 ar hier tegelyk met ons aankomende had ik groten trek om met dezelve

142 404 1787 119 adelyk na Groningen door te zyden doch liet zulks omdat ik graag

141 469 1784 138 het het gezelschap, waarmede ik vertrokken was, wilde terugkeren.

141 550 1787 140 e volgende morgen vertrokken wy, na zeer goed geslapen te hebben, al

138 650 1820 109 roeg van Diverdebrugge; tot de smilde ontmoette ons niets byzonders

144 704 1831 117 en hier resicontreerden wy in de herberg de Hr en Mese. Sichterman die

144 772 1775 108 ven als wi de vorige dag van Zwol waren vertrokken en den nagt te

144 837 1791 121 wingels hadden doorgebragt, wy informeerden ons hier vry wat

145 902 1790 121 na al het Groninger nieuws, dan melden ons hier ook met lang op

149 973 1770 113 vyf de paarden te Assen, waar wij vervolgens aankwamen, moesten

147 1039 1782 119 it gespant worden. Deeze tyd gebruikten wy om de stad doch voorna¬

142 1108 1823 118 entlijk het schoonebosch wat door te wandelen waarna wi ons we¬

142 1176 1847 144 er tusschen de 4 wielen plaatsten. Na vries en Yda gepasseerd te

149 1245 1809 142 yn kwamen wy op de Puit aan waar wy ons op de greizen der

141 1317 1814 142 rovincie zagen verwelkommen door onze familjes, die, van ouze

139 1390 1850 141 omet verwittigd, zich in twee rytingen dezwaarts hadden bege„

140 1475 1798 141 ven: dat wy niet lang kalmden om uit het riling te komen be¬

143 1548 1852 131 hoeft wel geene verzekering dan tot besluit van onze zoo gelukkig

143 1627 1825 142 volbragte leis had een onzer hier nog een lelyk ongeluk kunnen Krij=

146 1696 1844 150 gen als willende juist uit de wagen springen toen het zyting tusschen

139 1781 1846 161 de vry vreede zerken paalen van het tolhuis was. Onderling wensch¬

146 1870 1783 138 en wy ons nu geluk met de behoudene terugkomst en dronken

136 1942 1855 135 te zamen een kopje thee in de herberg wanneer de een meer te spre„

130 2028 1792 139 en en te vertellen had als de andere. Papa nog graag die

137 2108 1787 145 wond te Allersma willende zyn vragt ik myne bagagie in

131 2189 1834 138 zyn te wagen over, nam afscheid van myne 3 risgenoten en

133 2280 1844 133 van het overige gezelschap en vertrokt om 6uur met ons rij¬

138 2357 1823 146 tuig: en Groningen hielden wy ons slechts een oogenblik op en
