2083 2540
163 49 1760 141 opverre na zoo aanmerklyk niet was als van waterval van den

167 125 1808 136 zoogenaamde Aqneduct, werwaarts de een sneller liep dan de andere

162 197 1824 131 daar men zoch, zoo als van agteren bleek, tyds genoeg had. Deeze water

153 262 1852 146 leiding heeft het voorkomen van een bouwval uit de tyden der oude Romeinen,

152 326 1870 143 zy bestaat uit 14 gewelfde vogen waarover het water door een soort van goot

150 392 1858 128 komt aandruischen om zich met een stroom van 30 voet breed in eene diepte

144 459 1835 132 van 104 voeten neder te storten (zee N. o) ok hoe treffend was dit gezicht toen

146 519 1865 172 de zon difvescheen op eene geruime afstand was men als in een wolk van

144 591 1841 146 schuin begraven & zulks duurde met een oogenblik doch meer dan ¼ uur

147 649 1854 175 lang even als de groote fouteyn (zie N=o) werwaarts zich nu weer alle

150 721 1835 174 menschen heenen spoedden: met ingespannene verwagting stonden wy

155 786 1867 163 hier eene geruime tyd te wagten en staanden op den nog zoo geheel Kalme

151 853 1836 160 vyver juist agter het slot gelegen: eindelyk was het oogenblik daar

149 914 1791 180 dat men dezelve lostich en in een oogenblik steeg het water met een

147 971 1871 172 dikke straat ter koogte van 196 voeten wanneer het als in een zware plas

146 1047 1808 160 regen naar beneden plofte, het water werkte met zulk een onbe„

153 1111 1843 182 schryflyk geweld dat het als kokend scheen & louter schuim wat:

153 1184 1827 179 grootsch was dat toneel daar men aan de andere zyde nog met

165 1249 1855 179 genoegen op den niet ver afgeleegene waterval van den Aqneduit„

152 1328 1834 179 die nog steeds viel, staande & dus in een opslag van het oog deeze

154 1419 1808 176 twee zoo verschillende natuurtoneelen kon overzien: groot was

158 1489 1841 170 hier de toevloed van menschen, op aller gelaat was verwondering

157 1558 1870 166 en verbaasdheid te lezen, ja de Keurvorst, die er zich in een lyking

154 1639 1796 175 het brengen, 't scheen het met hetzelve genoegen te beschouwen

159 1710 1815 169 als wy die nimmer iets diergelyks gezien hadden. Het springen

162 1789 1855 165 van de fonteyn was tot besluit van alle waterwerken & zette ook

164 1856 1859 171 de kroon op alles: nu ging de schaar uit 't een, zommigen waaron¬

168 1939 1863 159 der ook wy, waren, gingen nogmaals op het behoorlyk Wilhelms

172 2016 1729 147 kche wandelen, anderen naar de herberg, weer anderen zaken

174 2101 1802 138 hieren daar onder de schaduw derbomen eenige ververschingen

168 2183 1770 163 te gebruiken: Op onze wandeling zagen wy nog het gebouw der
