2083 2540
1937 74 68 86 92

180 75 1782 131 een briefje overlangende, dit las hy der gemeente voor, en, daar het meest

178 165 1851 108 kranken waren voor wien men verzogt te bidden, deed daarop voor ieder

177 217 1821 120 in 't byzonder met weinige woorden zoo schielyk een gebed dat het woord

171 289 1774 104 amen reeds daar was als men nog niet wist dat het gebed begonnen

169 339 1823 120 was: by ieder briefje, dat telkens gelezen wierd, had hetzelve plaats:

169 407 1875 108 daarna las hy eenige huwlyken af zoo schielyk dat men met geen moge

169 468 1836 122 lkheid zyn welEerwaarde konde volgen, en toen wierden de namen van

169 532 1822 115 eenige overledenen afgelezen: van dk dezer wierd eene norte levens=

166 596 1792 129 schils gegeven waaren wanneer hy geboren, was, wat ambagt hy in

162 667 1787 123 zyn leven uitgeoeffend had, of hy Gehuwd of ongetrouwd had geleeft en

168 732 1842 135 eindelyk wanneer, waaraan en in welke ouderdom hy gestorven

166 799 1796 119 was: of dit iedere week of mogelyk eens in de maand geschiedt

163 866 1834 143 durf ik met zekerheid niet bepalen. deeze Cathedrale kerk heeft

167 942 1839 134 4 lorens op elke hoek één waarvan twee doorluchtig en twee Spits

170 1014 1789 143 zyn, terwyl voor dezelve nog eene groote dikke horen staat: in

174 1086 1836 144 de Ulrichs Kerk noorde ik den Prediches Erich voor eene talryke

168 1164 1803 130 gemeente prediken, in deeze kerk zyn ook geslotene en met glazen

167 1231 1833 126 voorziene loges rondon de muur waarin de menschen op stoelen

164 1303 1851 132 voor het open geschoven raam als in een kamertje zetten: op het

165 1381 1790 134 ongel waren veele muzykanten die het gezang met blaas=

170 1456 1768 127 instrumenten accompagneerden. Ten uitersten merkwaardig

171 1527 1719 122 is het veroemde weeshuis van Halle, den grond hiertoe legde een

168 1597 1788 136 gift van 7 Guldens in 1696 door een zekeren Franken, wiensbaltenis

170 1669 1779 118 en een zeer toepaslyk grafschrift hierook gevonden wordt, gegeven

169 1740 1800 111 door grootere en kleinere giften is dit weeshuis zoo toegenomen

167 1810 1854 115 dat volgens Bongardt deszelfs jaarlyksche inkomsten 10000 duca

168 1881 1851 122 en bedragen en geen wonder hier toch worden 120 weezen, waar

161 1950 1855 119 onder 8o jongens opgevoed, terwyl meer dan zo0 kinderen behal=

167 2015 1843 119 ven Kleding nierkost en schadeloos opgevoed worden, zynde, er

169 2089 1813 116 niet meer dan 300 famieljes vermogende die voor het een en An¬

167 2157 1845 112 der iets betalen: By het intreden van het gebouw zieh men aan de

164 2221 1833 127 regterzyde eene bor groote boekwinkel en aan de andere zyde

170 2296 1801 116 en ruime en nette apotheek. op de tweede verdiering zijn

175 2366 1795 127 de verschillende klassen en een naturalien cabinet dat een waar
